@article{kasperski2015robust,
  title={Robust recoverable and two-stage selection problems},
  author={Kasperski, Adam and Zieli{\'n}ski, Pawe{\l}},
  journal={Discrete Applied Mathematics},
  volume={233},
  pages={52--64},
  year={2017},
  publisher={Elsevier}
}

@book{kouvelis2013robust,
  title={Robust discrete optimization and its applications},
  author={Kouvelis, Panos and Yu, Gang},
  volume={14},
  year={2013},
  publisher={Springer Science \& Business Media}
}

@InProceedings{3-matroids,
author="Linhares, Andr{\'e}
and Olver, Neil
and Swamy, Chaitanya
and Zenklusen, Rico",
editor="Lodi, Andrea
and Nagarajan, Viswanath",
title="Approximate Multi-matroid Intersection via Iterative Refinement",
booktitle="Integer Programming and Combinatorial Optimization",
year="2019",
publisher="Springer International Publishing",
address="Cham",
pages="299--312",
abstract="We introduce a new iterative rounding technique to round a point in a matroid polytope subject to further matroid constraints. This technique returns an independent set in one matroid with limited violations of the other ones. On top of the classical steps of iterative relaxation approaches, we iteratively refine/split involved matroid constraints to obtain a more restrictive constraint system, that is amenable to iterative relaxation techniques. Hence, throughout the iterations, we both tighten constraints and later relax them by dropping constraints under certain conditions. Due to the refinement step, we can deal with considerably more general constraint classes than existing iterative relaxation/rounding methods, which typically round on one matroid polytope with additional simple cardinality constraints that do not overlap too much.",
isbn="978-3-030-17953-3"
}



@InProceedings{helgason1974concept,
author="Helgason, Thorkell",
editor="Berge, Claude
and Ray-Chaudhuri, Dijen",
title="Aspects of the theory of hypermatroids",
booktitle="Hypergraph Seminar",
year="1974",
publisher="Springer Berlin Heidelberg",
address="Berlin, Heidelberg",
pages="191--213",
}

@article{blum1973time,
  title={Time bounds for selection},
  author={Blum, Manuel and Floyd, Robert W and Pratt, Vaughan and Rivest, Ronald L and Tarjan, Robert E},
  journal={Journal of computer and system sciences},
  volume={7},
  number={4},
  pages={448--461},
  year={1973},
  publisher={Elsevier}
}

@article{bertsimas2003robust,
author="Bertsimas, Dimitris
and Sim, Melvyn",
title="Robust discrete optimization and network flows",
journal="Mathematical Programming",
year="2003",
month="Sep",
day="01",
volume="98",
number="1",
pages="49--71",
}

@article{floyd1975expected,
  title={Expected time bounds for selection},
  author={Floyd, Robert W and Rivest, Ronald L},
  journal={Communications of the ACM},
  volume={18},
  number={3},
  pages={165--172},
  year={1975},
  publisher={ACM}
}

@misc{kauth1973art,
  title={The art of computer programming: Volume 3/Sorting and searching},
  author={Knuth, Donald E},
  year={1973},
  publisher={Addison-Wesley}
}

@incollection{liebchen2009concept,
  title={The concept of recoverable robustness, linear programming recovery, and railway applications},
  author={Liebchen, Christian and L{\"u}bbecke, Marco and M{\"o}hring, Rolf and Stiller, Sebastian},
  booktitle={Robust and online large-scale optimization},
  pages={1--27},
  year={2009},
  publisher={Springer}
}

@book{knuth1973matroid,
  title={Matroid partitioning},
  author={Knuth, Donald E},
  year={1973},
  publisher={Stanford University. Computer Science Department}
}

@incollection{kasperski2016robust,
  title={Robust discrete optimization under discrete and interval uncertainty: A survey},
  author={Kasperski, Adam and Zieli{\'n}ski, Pawe{\l}},
  booktitle={Robustness analysis in decision aiding, optimization, and analytics},
  pages={113--143},
  year={2016},
  publisher={Springer}
}

@article{megiddo1983linear,
  title={Linear-time algorithms for linear programming in $\mathbb{R}^{3}$ and related problems},
  author={Megiddo, Nimrod},
  journal={SIAM journal on computing},
  volume={12},
  number={4},
  pages={759--776},
  year={1983},
  publisher={SIAM}
}

@article{hradovich2017recoverable,
  title={The recoverable robust spanning tree problem with interval costs is polynomially solvable},
  author={Hradovich, Mikita and Kasperski, Adam and Zieli{\'n}ski, Pawe{\l}},
  journal={Optimization Letters},
  volume={11},
  number={1},
  pages={17--30},
  year={2017},
  publisher={Springer}
}

@article{hradovich2017recoverable-MST,
  title={Recoverable robust spanning tree problem under interval uncertainty representations},
  author={Hradovich, Mikita and Kasperski, Adam and Zieli{\'n}ski, Pawe{\l}},
  journal={Journal of Combinatorial Optimization},
  volume={34},
  number={2},
  pages={554--573},
  year={2017},
  publisher={Springer}
}

@book{busing2011phd,
  title={Recoverable robustness in combinatorial optimization},
  author={B{\"u}sing, Christina},
  year={2011},
  publisher={Cuvillier Verlag}
}

@article{busing2011knapsack,
  title={Recoverable robust knapsacks: the discrete scenario case},
  author={B{\"u}sing, Christina and Koster, Arie MCA and Kutschka, Manuel},
  journal={Optimization Letters},
  volume={5},
  number={3},
  pages={379--392},
  year={2011},
  publisher={Springer}
}

@inproceedings{busing2011recoverable,
  title={Recoverable robust knapsacks: {$\Gamma$}-scenarios},
  author={B{\"u}sing, Christina and Koster, Arie MCA and Kutschka, Manuel},
  booktitle={International Conference on Network Optimization},
  pages={583--588},
  year={2011},
  organization={Springer}
}


@book{oxley2006matroid,
  title={Matroid theory},
  author={Oxley, James G},
  volume={3},
  year={2006},
  publisher={Oxford University Press, USA}
}

@book{fujishige2005submodular,
  title={Submodular functions and optimization},
  author={Fujishige, Satoru},
  volume={58},
  year={2005},
  publisher={Elsevier}
}


@article{Ackermann09,
author	  = {H. Ackermann and H. R\"{o}glin and B. V\"{o}cking},
title 	  = {Pure {N}ash equilibria in player-specific and weighted congestion games},
journal   = {Theoretical Computer Science},
volume	  = {410},
number	  = {17},
year	      = {2009},
pages	  = {1552-1563}}

@book{schrijver2003combinatorial,
    author = {Schrijver, A.},
  publisher = {Springer},
  title = {Combinatorial Optimization - Polyhedra and Efficiency},
  year = 2003,
  volume={B}
}


@article{cunningham1997optimal,
  title={The optimal path-matching problem},
  author={Cunningham, William H and Geelen, James F},
  journal={Combinatorica},
  volume={17},
  number={3},
  pages={315--337},
  year={1997},
  publisher={Springer}
}

@article{frank1981weighted,
title = "A weighted matroid intersection algorithm",
journal = "Journal of Algorithms",
volume = "2",
number = "4",
pages = "328 - 336",
year = "1981",
issn = "0196-6774",
author = "Andr\'as Frank"
}

@book{korte2006combinatorial,
 author = {Korte, Bernhard and Vygen, Jens},
 title = {Combinatorial Optimization: Theory and Algorithms},
 year = {2006},
 edition = {3rd},
 publisher = {Springer-Verlag Berlin Heidelberg}
} 


@book{korte2007combinatorial,
 author = {Korte, Bernhard and Vygen, Jens},
 title = {Combinatorial Optimization: Theory and Algorithms},
 year = {2007},
 isbn = {3540718435, 9783540718437},
 edition = {4th},
 publisher = {Springer Publishing Company, Incorporated},
} 

@article{iri1976algorithm,
  title={An algorithm for finding an optimal ``independent assignment''},
  author={Iri, Masao and Tomizawa, Nobuaki},
  journal={Journal of the Operations Research Society of Japan},
  volume={19},
  number={1},
  pages={32--57},
  year={1976},
  publisher={The Operations Research Society of Japan}
}

@article{edmonds1970submodular,
  title={Submodular functions, matroids and certain polyhedra, Combinatorial structures and their applications (R. Guy, H. Hanani, N. Sauer and J. Sh onheim, eds.)},
  author={Edmonds, Jack},
  journal={New York},
  pages={69--87},
  year={1970}
}


@article{chassein2018recoverable,
  title={On recoverable and two-stage robust selection problems with budgeted uncertainty},
  author={Chassein, Andr{\'e} and Goerigk, Marc and Kasperski, Adam and Zieli{\'n}ski, Pawe{\l}},
  journal={European Journal of Operational Research},
  volume={265},
  number={2},
  pages={423--436},
  year={2018},
  publisher={Elsevier}
}

@book{lodwick2010fuzzy,
  title={Fuzzy optimization: Recent advances and applications},
  author={Lodwick, Weldon A and Kacprzyk, Janusz},
  volume={254},
  year={2010},
  publisher={Springer}
}

@book{birge2011introduction,
  title={Introduction to stochastic programming},
  author={Birge, John R and Louveaux, Francois},
  year={2011},
  publisher={Springer Science \& Business Media}
}

@article{kasperski2015approximability,
  title={Approximability of the robust representatives selection problem},
  author={Kasperski, Adam and Kurpisz, Adam and Zieli{\'n}ski, Pawe{\l}},
  journal={Operations Research Letters},
  volume={43},
  number={1},
  pages={16--19},
  year={2015},
  publisher={Elsevier}
}

@article{yanikouglu2019survey,
  title={A survey of adjustable robust optimization},
  author={Yan{\i}ko{\u{g}}lu, {\.I}hsan and Gorissen, Bram L and den Hertog, Dick},
  journal={European Journal of Operational Research},
  volume={277},
  number={3},
  pages={799--813},
  year={2019},
  publisher={Elsevier}
}

@incollection{goerigk2016algorithm,
  title={Algorithm engineering in robust optimization},
  author={Goerigk, Marc and Sch{\"o}bel, Anita},
  booktitle={Algorithm engineering},
  pages={245--279},
  year={2016},
  publisher={Springer}
}



@article{averbakh2001complexity,
  title={On the complexity of a class of combinatorial optimization problems with uncertainty},
  author={Averbakh, Igor},
  journal={Mathematical Programming},
  volume={90},
  number={2},
  pages={263--272},
  year={2001},
  publisher={Springer}
}

@article{conde2004improved,
  title={An improved algorithm for selecting p items with uncertain returns according to the minmax-regret criterion},
  author={Conde, Eduardo},
  journal={Mathematical Programming},
  volume={100},
  number={2},
  pages={345--353},
  year={2004},
  publisher={Springer}
}


@article{deineko2013complexity,
  title={Complexity and in-approximability of a selection problem in robust optimization},
  author={Deineko, Vladimir G and Woeginger, Gerhard J},
  journal={4OR},
  volume={11},
  number={3},
  pages={249--252},
  year={2013},
  publisher={Springer}
}


@article{dolgui2012min,
  title={Min--max and min--max (relative) regret approaches to representatives selection problem},
  author={Dolgui, Alexandre and Kovalev, Sergey},
  journal={4OR},
  volume={10},
  number={2},
  pages={181--192},
  year={2012},
  publisher={Springer}
}


@article{goerigk2019robust,
  title={Robust two-stage combinatorial optimization problems under convex uncertainty},
  author={Goerigk, Marc and Kasperski, Adam and Zielinski, Pawel},
  journal={arXiv preprint arXiv:1905.02469},
  year={2019}
}


@article{zeng2013solving,
  title={Solving two-stage robust optimization problems using a column-and-constraint generation method},
  author={Zeng, Bo and Zhao, Long},
  journal={Operations Research Letters},
  volume={41},
  number={5},
  pages={457--461},
  year={2013},
  publisher={Elsevier}
}

@article{lendl2019matroid,
  title={Matroid Bases with Cardinality Constraints on the Intersection},
  author={Lendl, Stefan and Peis, Britta and Timmermans, Veerle},
  journal={arXiv preprint arXiv:1907.04741},
  year={2019}
}



@article{nasrabadi2013robust,
  title={Robust optimization with incremental recourse},
  author={Nasrabadi, Ebrahim and Orlin, James B},
  journal={arXiv preprint arXiv:1312.4075},
  year={2013}
}



@article{busing2012paths,
  title={Recoverable robust shortest path problems},
  author={B{\"u}sing, Christina},
  journal={Networks},
  volume={59},
  number={1},
  pages={181--189},
  year={2012},
  publisher={Wiley Online Library}
}


@article{GH62,
	Author = {Ghouila-Houri, Alain},
	Date-Added = {2015-02-17 22:21:57 +0000},
	Date-Modified = {2015-02-17 22:28:16 +0000},
	Journal = {C. R. Acad. Sci. Paris},
	Pages = {1192--1194},
	Title = {Caract{\'e}risation des matrices totalement unimodulaires},
	Volume = {254},
	Year = {1962}}
	
@book{garey1979computers,
  title={Computers and intractability},
  author={Garey, Michael R and Johnson, David S},
  year={1979},
  publisher={W. H. Freeman},
  place={San Francisco}
}

@book{korte2011combinatorial,
  title={Combinatorial optimization},
  author={Korte, Bernhard H and Vygen, Jens and Korte, B and Vygen, J},
  volume={1},
  year={2011},
  publisher={Springer}
}

@article{kasperski2013approximating,
  title={Approximating the min--max (regret) selecting items problem},
  author={Kasperski, Adam and Kurpisz, Adam and Zieli{\'n}ski, Pawe{\l}},
  journal={Information Processing Letters},
  volume={113},
  number={1-2},
  pages={23--29},
  year={2013},
  publisher={Elsevier}
}

@article{daszykowski2002representative,
  title={Representative subset selection},
  author={Daszykowski, Michal and Walczak, Beata and Massart, DL},
  journal={Analytica chimica acta},
  volume={468},
  number={1},
  pages={91--103},
  year={2002},
  publisher={Elsevier}
}

@article{wang2017representative,
  title={Representative selection with structured sparsity},
  author={Wang, Hongxing and Kawahara, Yoshinobu and Weng, Chaoqun and Yuan, Junsong},
  journal={Pattern Recognition},
  volume={63},
  pages={268--278},
  year={2017},
  publisher={Elsevier}
}

@inproceedings{meng2016keyframes,
  title={From keyframes to key objects: Video summarization by representative object proposal selection},
  author={Meng, Jingjing and Wang, Hongxing and Yuan, Junsong and Tan, Yap-Peng},
  booktitle={Proceedings of the IEEE conference on computer vision and pattern recognition},
  pages={1039--1048},
  year={2016}
}

@article{zio2011clustering,
  title={A clustering procedure for reducing the number of representative solutions in the Pareto Front of multiobjective optimization problems},
  author={Zio, Enrico and Bazzo, Roberta},
  journal={European Journal of Operational Research},
  volume={210},
  number={3},
  pages={624--634},
  year={2011},
  publisher={Elsevier}
}

@inproceedings{wang2015novel,
  title={A novel physical layer spoofing detection based on sparse signal processing},
  author={Wang, Ning and Lv, Shichao and Jiang, Ting and Zhou, Ge},
  booktitle={2015 IEEE Global Conference on Signal and Information Processing (GlobalSIP)},
  pages={582--585},
  year={2015},
  organization={IEEE}
}

@article{ben2015deriving,
  title={Deriving robust counterparts of nonlinear uncertain inequalities},
  author={Ben-Tal, Aharon and Den Hertog, Dick and Vial, Jean-Philippe},
  journal={Mathematical programming},
  volume={149},
  number={1},
  pages={265--299},
  year={2015},
  publisher={Springer}
}

@book{klir1995fuzzy,
  title={Fuzzy sets and fuzzy logic},
  author={Klir, George and Yuan, Bo},
  volume={4},
  year={1995},
  publisher={Prentice hall New Jersey}
}


@book{sotskov2014sequencing,
  title={Sequencing and scheduling with inaccurate data},
  author={Sotskov, Yuri and Werner, Frank},
  publisher={Nova Science Publishers},
  year={2014}
}

@article{gorissen2015practical,
  title={A practical guide to robust optimization},
  author={Gorissen, Bram L and Yan{\i}ko{\u{g}}lu, {\.I}hsan and den Hertog, Dick},
  journal={Omega},
  volume={53},
  pages={124--137},
  year={2015},
  publisher={Elsevier}
}

@article{fischer2020investigation,
  title={An investigation of the recoverable robust assignment problem},
  author={Fischer, Dennis and Hartmann, Tim A and Lendl, Stefan and Woeginger, Gerhard J},
  journal={arXiv preprint arXiv:2010.11456},
  year={2020}
}


@article{iwamasa2021optimal,
  title={Optimal matroid bases with intersection constraints: Valuated matroids, M-convex functions, and their applications},
  author={Iwamasa, Yuni and Takazawa, Kenjiro},
  journal={Mathematical Programming},
  pages={1--28},
  year={2021},
  publisher={Springer}
}