@article{stockmeyer1976polynomial,
  title={The polynomial-time hierarchy},
  author={Stockmeyer, Larry J},
  journal={Theoretical Computer Science},
  volume={3},
  number={1},
  pages={1--22},
  year={1976},
  publisher={Elsevier}
}


@article{yanikouglu2019survey,
  title={A survey of adjustable robust optimization},
  author={Yan{\i}ko{\u{g}}lu, {\.I}hsan and Gorissen, Bram L and den Hertog, Dick},
  journal={European Journal of Operational Research},
  volume={277},
  number={3},
  pages={799--813},
  year={2019},
  publisher={Elsevier}
}


@article{ben2004adjustable,
  title={Adjustable robust solutions of uncertain linear programs},
  author={Ben-Tal, Aharon and Goryashko, Alexander and Guslitzer, Elana and Nemirovski, Arkadi},
  journal={Mathematical programming},
  volume={99},
  number={2},
  pages={351--376},
  year={2004},
  publisher={Springer}
}


@book{lodwick2010fuzzy,
  title={Fuzzy optimization: Recent advances and applications},
  author={Lodwick, Weldon A and Kacprzyk, Janusz},
  volume={254},
  year={2010},
  series={Studies in Fuzziness and Soft Computing},
  publisher={Springer}
}

@article{powell2019unified,
  title={A unified framework for stochastic optimization},
  author={Powell, Warren B},
  journal={European Journal of Operational Research},
  volume={275},
  number={3},
  pages={795--821},
  year={2019},
  publisher={Elsevier}
}

@book{ben2009robust,
  title={Robust optimization},
  author={Ben-Tal, Aharon and El Ghaoui, Laurent and Nemirovski, Arkadi},
  volume={28},
  year={2009},
  publisher={Princeton university press}
}

@article{ben2002robust,
  title={Robust optimization--methodology and applications},
  author={Ben-Tal, Aharon and Nemirovski, Arkadi},
  journal={Mathematical programming},
  volume={92},
  number={3},
  pages={453--480},
  year={2002},
  publisher={Springer}
}

@article{bertsimas2009constructing,
  title={Constructing uncertainty sets for robust linear optimization},
  author={Bertsimas, Dimitris and Brown, David B},
  journal={Operations research},
  volume={57},
  number={6},
  pages={1483--1495},
  year={2009},
  publisher={INFORMS}
}

@incollection{liebchen2009concept,
  title={The concept of recoverable robustness, linear programming recovery, and railway applications},
  author={Liebchen, Christian and L{\"u}bbecke, Marco and M{\"o}hring, Rolf and Stiller, Sebastian},
  booktitle={Robust and online large-scale optimization},
  pages={1--27},
  year={2009},
  publisher={Springer}
}


@article{bertsimas2003robust,
  title={Robust discrete optimization and network flows},
  author={Bertsimas, Dimitris and Sim, Melvyn},
  journal={Mathematical programming},
  volume={98},
  number={1},
  pages={49--71},
  year={2003},
  publisher={Springer}
}


@article{bertsimas2004price,
  title={The price of robustness},
  author={Bertsimas, Dimitris and Sim, Melvyn},
  journal={Operations research},
  volume={52},
  number={1},
  pages={35--53},
  year={2004},
  publisher={Informs}
}

@article{chassein2018recoverable,
  title={On recoverable and two-stage robust selection problems with budgeted uncertainty},
  author={Chassein, Andr{\'e} and Goerigk, Marc and Kasperski, Adam and Zieli{\'n}ski, Pawe{\l}},
  journal={European Journal of Operational Research},
  volume={265},
  number={2},
  pages={423--436},
  year={2018},
  publisher={Elsevier}
}




@article{woeginger2021trouble,
  title={The trouble with the second quantifier},
  author={Woeginger, Gerhard J},
  journal={4OR},
  volume={19},
  number={2},
  pages={157--181},
  year={2021},
  publisher={Springer}
}

@article{kurtz2021new,
  title={New complexity results and algorithms for min-max-min robust combinatorial optimization},
  author={Kurtz, Jannis},
  journal={arXiv preprint arXiv:2106.03107},
  year={2021}
}

@article{claus2020note,
  title={A note on {$\Sigma^2_p$}-completeness of a robust binary linear program with binary uncertainty set},
  author={Claus, Matthias and Simmoteit, Maximilian},
  journal={Operations Research Letters},
  volume={48},
  number={5},
  pages={594--598},
  year={2020},
  publisher={Elsevier}
}

@article{pfetsch2021generic,
  title={A Generic Optimization Framework for Resilient Systems},
  journal = {Optimization Online},
  author={Pfetsch, Marc E and Schmitt, Andreas},
  year={2021},
  url={http://www.optimization-online.org/DB_HTML/2021/05/8416.html}
}


@article{zeng2013solving,
  title={Solving two-stage robust optimization problems using a column-and-constraint generation method},
  author={Zeng, Bo and Zhao, Long},
  journal={Operations Research Letters},
  volume={41},
  number={5},
  pages={457--461},
  year={2013},
  publisher={Elsevier}
}

@article{aissi2009min,
  title={Min--max and min--max regret versions of combinatorial optimization problems: A survey},
  author={Aissi, Hassene and Bazgan, Cristina and Vanderpooten, Daniel},
  journal={European journal of operational research},
  volume={197},
  number={2},
  pages={427--438},
  year={2009},
  publisher={Elsevier}
}

@incollection{kasperski2016robust,
  title={Robust discrete optimization under discrete and interval uncertainty: A survey},
  author={Kasperski, Adam and Zieli{\'n}ski, Pawe{\l}},
  booktitle={Robustness analysis in decision aiding, optimization, and analytics},
  pages={113--143},
  year={2016},
  publisher={Springer}
}

@article{busing2012recoverable,
  title={Recoverable robust shortest path problems},
  author={B{\"u}sing, Christina},
  journal={Networks},
  volume={59},
  number={1},
  pages={181--189},
  year={2012},
  publisher={Wiley Online Library}
}

@article{kasperski2011approximability,
  title={On the approximability of robust spanning tree problems},
  author={Kasperski, Adam and Zieli{\'n}ski, Pawe{\l}},
  journal={Theoretical Computer Science},
  volume={412},
  number={4-5},
  pages={365--374},
  year={2011},
  publisher={Elsevier}
}


@article{kasperski2017robust,
  title={Robust recoverable and two-stage selection problems},
  author={Kasperski, Adam and Zieli{\'n}ski, Pawe{\l}},
  journal={Discrete Applied Mathematics},
  volume={233},
  pages={52--64},
  year={2017},
  publisher={Elsevier}
}

@article{goerigk2022recoverable,
  title={Recoverable robust representatives selection problems with discrete budgeted uncertainty},
  author={Goerigk, Marc and Lendl, Stefan and Wulf, Lasse},
  journal={European Journal of Operational Research},
  year={2022},
  publisher={Elsevier}
}

@article{deineko2010pinpointing,
  title={Pinpointing the complexity of the interval min--max regret knapsack problem},
  author={Deineko, Vladimir G and Woeginger, Gerhard J},
  journal={Discrete Optimization},
  volume={7},
  number={4},
  pages={191--196},
  year={2010},
  publisher={Elsevier}
}

@article{hanasusanto2015k,
  title={K-adaptability in two-stage robust binary programming},
  author={Hanasusanto, Grani A and Kuhn, Daniel and Wiesemann, Wolfram},
  journal={Operations Research},
  volume={63},
  number={4},
  pages={877--891},
  year={2015},
  publisher={Informs}
}

@article{buchheim2017min,
  title={Min--max--min robust combinatorial optimization},
  author={Buchheim, Christoph and Kurtz, Jannis},
  journal={Mathematical Programming},
  volume={163},
  number={1},
  pages={1--23},
  year={2017},
  publisher={Springer}
}


@misc{bold2020,
  author = {Bold, Matthew and Goerigk, Marc},  
  title = {Recoverable Robust Single Machine Scheduling with Polyhedral Uncertainty},  
  publisher = {arXiv preprint 2011.06284},  
  year = {2020},
}

@article{grotschel1981ellipsoid,
  title={The ellipsoid method and its consequences in combinatorial optimization},
  author={Gr{\"o}tschel, Martin and Lov{\'a}sz, L{\'a}szl{\'o} and Schrijver, Alexander},
  journal={Combinatorica},
  volume={1},
  number={2},
  pages={169--197},
  year={1981},
  publisher={Springer}
}

@article{coco2022robust,
  title={Robust min-max regret covering problems},
  author={Coco, Amadeu A and Santos, Andr{\'e}a Cynthia and Noronha, Thiago F},
  journal={Computational Optimization and Applications},
  volume={83},
  number={1},
  pages={111--141},
  year={2022},
  publisher={Springer}
}

@article{goerigk2021multistage,
  title={Multistage robust discrete optimization via quantified integer programming},
  author={Goerigk, Marc and Hartisch, Michael},
  journal={Computers \& Operations Research},
  volume={135},
  pages={105434},
  year={2021},
  publisher={Elsevier}
}


@inproceedings{chistikov2017complexity,
  title={On the Complexity of Quantified Integer Programming},
  author={Chistikov, Dmitry and Haase, Christoph},
  booktitle={44th International Colloquium on Automata, Languages, and Programming (ICALP 2017)},
  year={2017},
  organization={Schloss Dagstuhl-Leibniz-Zentrum fuer Informatik}
}

@article{nguyen2020computational,
  title={The computational complexity of integer programming with alternations},
  author={Nguyen, Danny and Pak, Igor},
  journal={Mathematics of Operations Research},
  volume={45},
  number={1},
  pages={191--204},
  year={2020},
  publisher={INFORMS}
}

@phdthesis{phdhartisch,
  author  = "Michael Hartisch",
  title   = "Quantified integer programming with polyhedral and decision-dependent uncertainty",
  school  = "University of Siegen",
  year    = "2020"
}

@article{caprara2016bilevel,
  title={Bilevel knapsack with interdiction constraints},
  author={Caprara, Alberto and Carvalho, Margarida and Lodi, Andrea and Woeginger, Gerhard J},
  journal={INFORMS Journal on Computing},
  volume={28},
  number={2},
  pages={319--333},
  year={2016},
  publisher={INFORMS}
}

@article{nabli2022complexity,
  title={Complexity of the multilevel critical node problem},
  author={Nabli, Adel and Carvalho, Margarida and Hosteins, Pierre},
  journal={Journal of Computer and System Sciences},
  volume={127},
  pages={122--145},
  year={2022},
  publisher={Elsevier}
}

@book{garey1979computers,
  title={Computers and intractability},
  author={Garey, Michael R and Johnson, David S},
  year={1979},
  publisher={W. H. Freeman},
  place={San Francisco}
}

@article{schaefer2002completeness,
  title={Completeness in the polynomial-time hierarchy: A compendium},
  author={Schaefer, Marcus and Umans, Christopher},
  journal={SIGACT news},
  volume={33},
  number={3},
  pages={32--49},
  year={2002},
  publisher={Citeseer}
}

@article{grune2022complexity,
  title={The Complexity Classes of Hamming Distance Recoverable Robust Problems},
  author={Gr{\"u}ne, Christoph},
  journal={arXiv preprint arXiv:2209.06939},
  year={2022}
}

@article{wrathall1976complete,
  title={Complete sets and the polynomial-time hierarchy},
  author={Wrathall, Celia},
  journal={Theoretical Computer Science},
  volume={3},
  number={1},
  pages={23--33},
  year={1976},
  publisher={Elsevier}
}

@inproceedings{stockmeyer1973word,
  title={Word problems requiring exponential time (preliminary report)},
  author={Stockmeyer, Larry J and Meyer, Albert R},
  booktitle={Proceedings of the fifth annual ACM symposium on Theory of computing},
  pages={1--9},
  year={1973}
}

@book{arora2009computational,
  title={Computational complexity: a modern approach},
  author={Arora, Sanjeev and Barak, Boaz},
  year={2009},
  publisher={Cambridge University Press}
}
