@article{farkas1902theorie,
  title={Theorie der einfachen Ungleichungen.},
  author={Farkas, Julius},
  journal={Journal f{\"u}r die reine und angewandte Mathematik (Crelles Journal)},
  volume={1902},
  number={124},
  pages={1--27},
  year={1902},
  publisher={De Gruyter Berlin, New York}
}
