@article {Chvatal1973,
    AUTHOR = {Chv\'{a}tal, V.},
     TITLE = {Tough graphs and {H}amiltonian circuits},
   JOURNAL = {Discrete Math.},
  FJOURNAL = {Discrete Mathematics},
    VOLUME = {5},
      YEAR = {1973},
     PAGES = {215--228},
      ISSN = {0012-365X},
}

@inproceedings{BazganMostVitalEdges2015,
  title={A refined complexity analysis of finding the most vital edges for undirected shortest paths},
  author={Bazgan, Cristina and Nichterlein, Andr{\'e} and Niedermeier, Rolf},
  booktitle={International Conference on Algorithms and Complexity},
  pages={47--60},
  year={2015},
  organization={Springer}
}

@article{bazgan2019more,
  title={A more fine-grained complexity analysis of finding the most vital edges for undirected shortest paths},
  author={Bazgan, Cristina and Fluschnik, Till and Nichterlein, Andr{\'e} and Niedermeier, Rolf and Stahlberg, Maximilian},
  journal={Networks},
  volume={73},
  number={1},
  pages={23--37},
  year={2019},
  publisher={Wiley Online Library}
}

@misc{bentert2019lengthboundedcuts,
      title={Length-Bounded Cuts: Proper Interval Graphs and Structural Parameters}, 
      author={Matthias Bentert and Klaus Heeger and Du≈°an Knop},
      year={2019},
      eprint={1910.03409},
      archivePrefix={arXiv},
      primaryClass={cs.DS}
}

@article{diner2018contractionDeletionBlockers,
  title={Contraction and deletion blockers for perfect graphs and {H}-free graphs},
  author={Diner, {\"O}znur Ya{\c{s}}ar and Paulusma, Dani{\"e}l and Picouleau, Christophe and Ries, Bernard},
  journal={Theoretical Computer Science},
  volume={746},
  pages={49--72},
  year={2018},
  publisher={Elsevier}
}

@Inbook{NetworkInterdictProblemsBookChapter,
author="Smith, J. Cole
and Prince, Mike
and Geunes, Joseph",
editor="Pardalos, Panos M.
and Du, Ding-Zhu
and Graham, Ronald L.",
title="Modern Network Interdiction Problems and Algorithms",
bookTitle="Handbook of Combinatorial Optimization",
year="2013",
publisher="Springer New York",
address="New York, NY",
pages="1949--1987",
}

@techreport{complexityOfFindingMostVitalNodesShortestPath,
  title={The complexity of finding most vital arcs and nodes},
  author={Bar-Noy, Amotz and Khuller, Samir and Schieber, Baruch},
  year={1998},
  publisher={University of Maryland at College Park}
}

@article{mostVitalLinksNodes1982,
  title={Most vital links and nodes in weighted networks},
  author={Corley, HW and David, Y Sha},
  journal={Operations Research Letters},
  volume={1},
  number={4},
  pages={157--160},
  year={1982},
  publisher={Elsevier}
}

@article{metaTheoremHereditary,
  title={The node-deletion problem for hereditary properties is {NP}-complete},
  author={Lewis, John M and Yannakakis, Mihalis},
  journal={Journal of Computer and System Sciences},
  volume={20},
  number={2},
  pages={219--230},
  year={1980},
  publisher={Elsevier}
}

@article{shortPathsInterdictionTotalAndNodeWise,
  title={On short paths interdiction problems: Total and node-wise limited interdiction},
  author={Khachiyan, Leonid and Boros, Endre and Borys, Konrad and Elbassioni, Khaled and Gurvich, Vladimir and Rudolf, Gabor and Zhao, Jihui},
  journal={Theory of Computing Systems},
  volume={43},
  number={2},
  pages={204--233},
  year={2008},
  publisher={Springer}
}

@article{onAlgsForLBoundedCut,
  title={On Algorithms for $ L $-bounded Cut Problem},
  author={Kolman, Petr},
  journal={arXiv preprint arXiv:1705.02390},
  year={2017}
}

@article{mostVitalNodesWrtIndSet,
  title={The most vital nodes with respect to independent set and vertex cover},
  author={Bazgan, Cristina and Toubaline, Sonia and Tuza, Zsolt},
  journal={Discrete Applied Mathematics},
  volume={159},
  number={17},
  pages={1933--1946},
  year={2011},
  publisher={Elsevier}
}

@article{mahdavi2014minimum,
  title={Minimum vertex blocker clique problem},
  author={Mahdavi Pajouh, Foad and Boginski, Vladimir and Pasiliao, Eduardo L},
  journal={Networks},
  volume={64},
  number={1},
  pages={48--64},
  year={2014},
  publisher={Wiley Online Library}
}

@article{costa2011minimum,
  title={Minimum d-blockers and d-transversals in graphs},
  author={Costa, Marie-Christine and de Werra, Dominique and Picouleau, Christophe},
  journal={Journal of Combinatorial Optimization},
  volume={22},
  number={4},
  pages={857--872},
  year={2011},
  publisher={Springer}
}

@article{baier2010length,
  title={Length-bounded cuts and flows},
  author={Baier, Georg and Erlebach, Thomas and Hall, Alexander and K{\"o}hler, Ekkehard and Kolman, Petr and Pangr{\'a}c, Ond{\v{r}}ej and Schilling, Heiko and Skutella, Martin},
  journal={ACM Transactions on Algorithms (TALG)},
  volume={7},
  number={1},
  pages={1--27},
  year={2010},
  publisher={ACM New York, NY, USA}
}

@article{criticalNodeDetectionSurvey,
  title={The critical node detection problem in networks: A survey},
  author={Lalou, Mohammed and Tahraoui, Mohammed Amin and Kheddouci, Hamamache},
  journal={Computer Science Review},
  volume={28},
  pages={92--117},
  year={2018},
  publisher={Elsevier}
}

@article{fixedIntervalSchedulingSurvey,
  title={Fixed interval scheduling: Models, applications, computational complexity and algorithms},
  author={Kovalyov, Mikhail Y and Ng, CT and Cheng, TC Edwin},
  journal={European journal of operational research},
  volume={178},
  number={2},
  pages={331--342},
  year={2007},
  publisher={Elsevier}
}

@article{spieksma1999approximability,
  title={On the approximability of an interval scheduling problem},
  author={Spieksma, Frits CR},
  journal={Journal of Scheduling},
  volume={2},
  number={5},
  pages={215--227},
  year={1999},
  publisher={Wiley Online Library}
}

@article{chuzhoy2006approximation,
  title={Approximation algorithms for the job interval selection problem and related scheduling problems},
  author={Chuzhoy, Julia and Ostrovsky, Rafail and Rabani, Yuval},
  journal={Mathematics of Operations Research},
  volume={31},
  number={4},
  pages={730--738},
  year={2006},
  publisher={INFORMS}
}

@article{erlebach2003interval,
  title={Interval selection: Applications, algorithms, and lower bounds},
  author={Erlebach, Thomas and Spieksma, Frits CR},
  journal={Journal of Algorithms},
  volume={46},
  number={1},
  pages={27--53},
  year={2003},
  publisher={Elsevier}
}

@article{nakajima1982complexity,
  title={Complexity results for scheduling tasks with discrete starting times},
  author={Nakajima, Kazuo and Hakimi, S Louis},
  journal={Journal of Algorithms},
  volume={3},
  number={4},
  pages={344--361},
  year={1982},
  publisher={Elsevier}
}

@article {jung1978scat,
    AUTHOR = {Jung, H. A.},
     TITLE = {On a class of posets and the corresponding comparability
              graphs},
   JOURNAL = {J. Combinatorial Theory Ser. B},
  FJOURNAL = {Journal of Combinatorial Theory. Series B},
    VOLUME = {24},
      YEAR = {1978},
    NUMBER = {2},
     PAGES = {125--133},
}

@incollection {broersma2013scat,
    AUTHOR = {Broersma, Hajo and Fiala, Ji\v{r}\'{\i} and Golovach, Petr A. and
              Kaiser, Tom\'{a}\v{s} and Paulusma, Dani\"{e}l and Proskurowski, Andrzej},
     TITLE = {Linear-time algorithms for scattering number and
              {H}amilton-connectivity of interval graphs},
 BOOKTITLE = {Graph-theoretic concepts in computer science},
    SERIES = {Lecture Notes in Comput. Sci.},
    VOLUME = {8165},
     PAGES = {127--138},
 PUBLISHER = {Springer, Heidelberg},
      YEAR = {2013},
}

@article {bauer1990scat,
    AUTHOR = {Bauer, D. and Hakimi, S. L. and Schmeichel, E.},
     TITLE = {Recognizing tough graphs is {NP}-hard},
   JOURNAL = {Discrete Appl. Math.},
  FJOURNAL = {Discrete Applied Mathematics. The Journal of Combinatorial
              Algorithms, Informatics and Computational Sciences},
    VOLUME = {28},
      YEAR = {1990},
    NUMBER = {3},
     PAGES = {191--195},
}

@article {hung2011scat,
    AUTHOR = {Hung, Ruo-Wei and Chang, Maw-Shang},
     TITLE = {Linear-time certifying algorithms for the path cover and
              {H}amiltonian cycle problems on interval graphs},
   JOURNAL = {Appl. Math. Lett.},
  FJOURNAL = {Applied Mathematics Letters. An International Journal of Rapid
              Publication},
    VOLUME = {24},
      YEAR = {2011},
    NUMBER = {5},
     PAGES = {648--652},
}

@article {isaak1998scat,
    AUTHOR = {Isaak, Garth},
     TITLE = {Powers of {H}amiltonian paths in interval graphs},
   JOURNAL = {J. Graph Theory},
  FJOURNAL = {Journal of Graph Theory},
    VOLUME = {28},
      YEAR = {1998},
    NUMBER = {1},
     PAGES = {31--38},
}

@article{approximability-c-interval,
  title={Approximability and parameterized complexity of multicover by c-intervals},
  author={Van Bevern, Ren{\'e} and Chen, Jiehua and H{\"u}ffner, Falk and Kratsch, Stefan and Talmon, Nimrod and Woeginger, Gerhard J},
  journal={Information Processing Letters},
  volume={115},
  number={10},
  pages={744--749},
  year={2015},
  publisher={Elsevier}
}

@book{golumbic2004algorithmic,
  title={Algorithmic graph theory and perfect graphs},
  author={Golumbic, Martin Charles},
  year={2004},
  publisher={Elsevier}
}

@article{nasirian2019exact,
  title={Exact algorithms for the minimum cost vertex blocker clique problem},
  author={Nasirian, Farzaneh and Pajouh, Foad Mahdavi and Namayanja, Josephine},
  journal={Computers \& Operations Research},
  volume={103},
  pages={296--309},
  year={2019},
  publisher={Elsevier}
}

@article{muller1996hamiltonian,
  title={Hamiltonian circuits in chordal bipartite graphs},
  author={M{\"u}ller, Haiko},
  journal={Discrete Mathematics},
  volume={156},
  number={1-3},
  pages={291--298},
  year={1996},
  publisher={Elsevier}
}

@InProceedings{ding2011onefold,
author="Ding, Liang
and Fu, Bin
and Zhu, Binhai",
editor="Wang, Weifan
and Zhu, Xuding
and Du, Ding-Zhu",
title="Minimum Interval Cover and Its Application to Genome Sequencing",
booktitle="Combinatorial Optimization and Applications",
year="2011",
publisher="Springer Berlin Heidelberg",
address="Berlin, Heidelberg",
pages="287--298",
isbn="978-3-642-22616-8"
}

@article {deogun1997scat,
    AUTHOR = {Deogun, Jitender S. and Kratsch, Dieter and Steiner, George},
     TITLE = {{$1$}-tough cocomparability graphs are {H}amiltonian},
   JOURNAL = {Discrete Math.},
  FJOURNAL = {Discrete Mathematics},
    VOLUME = {170},
      YEAR = {1997},
    NUMBER = {1-3},
     PAGES = {99--106},
      ISSN = {0012-365X},
   MRCLASS = {05C45},
  MRNUMBER = {1452939},
MRREVIEWER = {Bernd S. W. Schr\"{o}der},
       DOI = {10.1016/0012-365X(95)00359-5},
       URL = {https://doi.org/10.1016/0012-365X(95)00359-5},
}

@book{sedgewick2011algorithms,
  title={Algorithms, Fourth Edition},
  author={Sedgewick, Robert and Wayne, Kevin},
  isbn={9780132762564},
  year={2011},
  publisher={Addison-Wesley Professional}
}