@article {AjtaiKomlosSzemeredi1981,
    AUTHOR = {Ajtai, Mikl\'{o}s and Koml\'{o}s, J\'{a}nos and Szemer\'{e}di, Endre},
    TITLE = {The longest path in a random graph},
    JOURNAL = {Combinatorica},
    FJOURNAL = {Combinatorica. An International Journal of the J\'{a}nos Bolyai Mathematical Society},
    VOLUME = {1},
    YEAR = {1981},
    NUMBER = {1},
    PAGES = {1--12},
    ISSN = {0209-9683},
    MRCLASS = {05C38 (05C35 60C05)},
    MRNUMBER = {602411},
    MRREVIEWER = {Selim G. Akl},
    DOI = {10.1007/BF02579172},
    URL = {https://doi.org/10.1007/BF02579172},
}


@article {Aldous1991,
    AUTHOR = {Aldous, David},
     TITLE = {Asymptotic fringe distributions for general families of random
              trees},
   JOURNAL = {Ann. Appl. Probab.},
  FJOURNAL = {The Annals of Applied Probability},
    VOLUME = {1},
      YEAR = {1991},
    NUMBER = {2},
     PAGES = {228--266},
      ISSN = {1050-5164},
   MRCLASS = {60C05 (05C80)},
  MRNUMBER = {1102319},
MRREVIEWER = {Jos\'{e} L. Palacios},
       URL =
              {http://links.jstor.org/sici?sici=1050-5164(199105)1:2<228:AFDFGF>2.0.CO;2-8&origin=MSN},
}


@article {Aldous1991b,
    AUTHOR = {Aldous, David},
    TITLE = {The continuum random tree. {I}},
    JOURNAL = {Ann. Probab.},
    FJOURNAL = {The Annals of Probability},
    VOLUME = {19},
    YEAR = {1991},
    NUMBER = {1},
    PAGES = {1--28},
    ISSN = {0091-1798},
    MRCLASS = {60C05 (05C80)},
    MRNUMBER = {1085326},
    MRREVIEWER = {Robin Pemantle},
    URL = {http://links.jstor.org/sici?sici=0091-1798(199101)19:1<1:TCRTI>2.0.CO;2-B&origin=MSN},
}


@incollection {AldousSteele2004,
    AUTHOR = {Aldous, David and Steele, J. Michael},
    TITLE = {The objective method: probabilistic combinatorial optimization and local weak convergence},
    BOOKTITLE = {Probability on discrete structures},
    SERIES = {Encyclopaedia Math. Sci.},
    VOLUME = {110},
    PAGES = {1--72},
    PUBLISHER = {Springer, Berlin},
    YEAR = {2004},
    MRCLASS = {60C05 (05C80 60F05)},
    MRNUMBER = {2023650},
    MRREVIEWER = {Ralph Neininger},
    DOI = {10.1007/978-3-662-09444-0\_1},
    URL = {https://doi.org/10.1007/978-3-662-09444-0_1},
}


@book {AlonSpencer2008,
    AUTHOR = {Alon, Noga and Spencer, Joel H.},
    TITLE = {The probabilistic method},
    SERIES = {Wiley-Interscience Series in Discrete Mathematics and Optimization},
    EDITION = {Third},
    NOTE = {With an appendix on the life and work of Paul Erd\H{o}s},
    PUBLISHER = {John Wiley \& Sons, Inc., Hoboken, NJ},
    YEAR = {2008},
    PAGES = {xviii+352},
    ISBN = {978-0-470-17020-5},
    MRCLASS = {60-02 (05C80 60C05 60F99 60G42)},
    MRNUMBER = {2437651},
    DOI = {10.1002/9780470277331},
    URL = {https://doi.org/10.1002/9780470277331},
}


@article {BalisterBollobasGerke2008,
    AUTHOR = {Balister, Paul and Bollob\'{a}s, B\'{e}la and Gerke, Stefanie},
    TITLE = {Connectivity of addable graph classes},
    JOURNAL = {J. Combin. Theory Ser. B},
    FJOURNAL = {Journal of Combinatorial Theory. Series B},
    VOLUME = {98},
    YEAR = {2008},
    NUMBER = {3},
    PAGES = {577--584},
    ISSN = {0095-8956},
    MRCLASS = {05C80 (05C40)},
    MRNUMBER = {2401130},
    MRREVIEWER = {Mihyun Kang},
    DOI = {10.1016/j.jctb.2007.09.003},
    URL = {https://doi.org/10.1016/j.jctb.2007.09.003},
}


@article {BenjaminiSchramm2001,
    AUTHOR = {Benjamini, Itai and Schramm, Oded},
    TITLE = {Recurrence of distributional limits of finite planar graphs},
    JOURNAL = {Electron. J. Probab.},
    FJOURNAL = {Electronic Journal of Probability},
    VOLUME = {6},
    YEAR = {2001},
    PAGES = {no. 23, 13},
    ISSN = {1083-6489},
    MRCLASS = {82B41 (05C80 52C26 60G50)},
    MRNUMBER = {1873300},
    MRREVIEWER = {Olle H\"{a}ggstr\"{o}m},
    DOI = {10.1214/EJP.v6-96},
    URL = {https://doi.org/10.1214/EJP.v6-96},
}

@article {BennettEnglishTalanda-Fisher2019,
    AUTHOR = {Bennett, Patrick and English, Sean and Talanda-Fisher, Maria},
    TITLE = {Weighted {T}ur\'{a}n problems with applications},
    JOURNAL = {Discrete Math.},
    FJOURNAL = {Discrete Mathematics},
    VOLUME = {342},
    YEAR = {2019},
    NUMBER = {8},
    PAGES = {2165--2172},
    ISSN = {0012-365X},
    MRCLASS = {05C35 (05C22)},
    MRNUMBER = {3952133},
    MRREVIEWER = {Arran Hamm},
    DOI = {10.1016/j.disc.2019.04.007},
    URL = {https://doi.org/10.1016/j.disc.2019.04.007},
}


@incollection {BlockSavitsShaked1982b,
    AUTHOR = {Block, Henry W. and Savits, Thomas H. and Shaked, Moshe},
    TITLE = {Negative dependence},
    BOOKTITLE = {Survival analysis ({C}olumbus, {O}hio, 1981)},
    SERIES = {IMS Lecture Notes Monogr. Ser.},
    VOLUME = {2},
    PAGES = {206--215},
    PUBLISHER = {Inst. Math. Statist., Hayward, CA},
    YEAR = {1982},
    MRCLASS = {62H20},
    MRNUMBER = {734203},
    MRREVIEWER = {S.-S. Perng},
    DOI = {10.1214/lnms/1215464850},
    URL = {https://doi.org/10.1214/lnms/1215464850},
}


@article {BlockSavitsShaked1982,
    AUTHOR = {Block, Henry W. and Savits, Thomas H. and Shaked, Moshe},
    TITLE = {Some concepts of negative dependence},
    JOURNAL = {Ann. Probab.},
    FJOURNAL = {The Annals of Probability},
    VOLUME = {10},
    YEAR = {1982},
    NUMBER = {3},
    PAGES = {765--772},
    ISSN = {0091-1798},
    MRCLASS = {60E15 (62H05 62H20)},
    MRNUMBER = {659545},
    MRREVIEWER = {Kumar Joag-Dev},
    URL = {http://links.jstor.org/sici?sici=0091-1798(198208)10:3<765:SCOND>2.0.CO;2-L&origin=MSN},
}


@article {Bohman2009,
    AUTHOR = {Bohman, Tom},
    TITLE = {The triangle-free process},
    JOURNAL = {Adv. Math.},
    FJOURNAL = {Advances in Mathematics},
    VOLUME = {221},
    YEAR = {2009},
    NUMBER = {5},
    PAGES = {1653--1677},
    ISSN = {0001-8708},
    MRCLASS = {05C80 (05C55 60C05 60G99)},
    MRNUMBER = {2522430},
    MRREVIEWER = {Nikolaos Fountoulakis},
    DOI = {10.1016/j.aim.2009.02.018},
    URL = {https://doi.org/10.1016/j.aim.2009.02.018},
}


@article {BohmanKeevash2010,
    AUTHOR = {Bohman, Tom and Keevash, Peter},
    TITLE = {The early evolution of the {$H$}-free process},
    JOURNAL = {Invent. Math.},
    FJOURNAL = {Inventiones Mathematicae},
    VOLUME = {181},
    YEAR = {2010},
    NUMBER = {2},
    PAGES = {291--336},
    ISSN = {0020-9910},
    MRCLASS = {05C80 (60C05)},
    MRNUMBER = {2657427},
    MRREVIEWER = {Lyuben R. Mutafchiev},
    DOI = {10.1007/s00222-010-0247-x},
    URL = {https://doi.org/10.1007/s00222-010-0247-x},
}


@article {Bollobas1980,
    AUTHOR = {Bollob\'{a}s, B\'{e}la},
    TITLE = {A probabilistic proof of an asymptotic formula for the number of labelled regular graphs},
    JOURNAL = {European J. Combin.},
    FJOURNAL = {European Journal of Combinatorics},
    VOLUME = {1},
    YEAR = {1980},
    NUMBER = {4},
    PAGES = {311--316},
    ISSN = {0195-6698},
    MRCLASS = {05C30 (05C38)},
    MRNUMBER = {595929},
    MRREVIEWER = {Edward A. Bender},
    DOI = {10.1016/S0195-6698(80)80030-8},
    URL = {https://doi.org/10.1016/S0195-6698(80)80030-8},
}


@article {Bollobas1980b,
    AUTHOR = {Bollob\'{a}s, B\'{e}la},
    TITLE = {The distribution of the maximum degree of a random graph},
    JOURNAL = {Discrete Math.},
    FJOURNAL = {Discrete Mathematics},
    VOLUME = {32},
    YEAR = {1980},
    NUMBER = {2},
    PAGES = {201--203},
    ISSN = {0012-365X},
    MRCLASS = {05C99 (60C05)},
    MRNUMBER = {592855},
    DOI = {10.1016/0012-365X(80)90054-0},
    URL = {https://doi.org/10.1016/0012-365X(80)90054-0},
}


@article {Bollobas1981,
    AUTHOR = {Bollob\'{a}s, B\'{e}la},
    TITLE = {Degree sequences of random graphs},
    JOURNAL = {Discrete Math.},
    FJOURNAL = {Discrete Mathematics},
    VOLUME = {33},
    YEAR = {1981},
    NUMBER = {1},
    PAGES = {1--19},
    ISSN = {0012-365X},
    MRCLASS = {05C99},
    MRNUMBER = {597223},
    MRREVIEWER = {P. Erd\H{o}s},
    DOI = {10.1016/0012-365X(81)90253-3},
    URL = {https://doi.org/10.1016/0012-365X(81)90253-3},
}


@article {Bollobas1982,
    AUTHOR = {Bollob\'{a}s, B\'{e}la},
    TITLE = {Vertices of given degree in a random graph},
    JOURNAL = {J. Graph Theory},
    FJOURNAL = {Journal of Graph Theory},
    VOLUME = {6},
    YEAR = {1982},
    NUMBER = {2},
    PAGES = {147--155},
    ISSN = {0364-9024},
    MRCLASS = {05C99 (60C05)},
    MRNUMBER = {655200},
    MRREVIEWER = {Micha\l  Karo\'{n}ski},
    DOI = {10.1002/jgt.3190060209},
    URL = {https://doi.org/10.1002/jgt.3190060209},
}


@article {Bollobas1984,
    AUTHOR = {Bollob\'{a}s, B\'{e}la},
    TITLE = {The evolution of random graphs},
    JOURNAL = {Trans. Amer. Math. Soc.},
    FJOURNAL = {Transactions of the American Mathematical Society},
    VOLUME = {286},
    YEAR = {1984},
    NUMBER = {1},
    PAGES = {257--274},
    ISSN = {0002-9947},
    MRCLASS = {05C80 (60C05)},
    MRNUMBER = {756039},
    MRREVIEWER = {G. R. Grimmett},
    DOI = {10.2307/1999405},
    URL = {https://doi.org/10.2307/1999405},
}


@incollection {Bollobas1984b,
    AUTHOR = {Bollob\'{a}s, B\'{e}la},
    TITLE = {The evolution of sparse graphs},
    BOOKTITLE = {Graph theory and combinatorics ({C}ambridge, 1983)},
    PAGES = {35--57},
    PUBLISHER = {Academic Press, London},
    YEAR = {1984},
    MRCLASS = {05C80},
    MRNUMBER = {777163},
    MRREVIEWER = {Zbigniew Palka},
}


@book {Bollobas2001,
    AUTHOR = {Bollob\'{a}s, B\'{e}la},
    TITLE = {Random graphs},
    SERIES = {Cambridge Studies in Advanced Mathematics},
    VOLUME = {73},
    EDITION = {Second},
    PUBLISHER = {Cambridge University Press, Cambridge},
    YEAR = {2001},
    PAGES = {xviii+498},
    ISBN = {0-521-80920-7; 0-521-79722-5},
    MRCLASS = {05C80 (60C05)},
    MRNUMBER = {1864966},
    DOI = {10.1017/CBO9780511814068},
    URL = {https://doi.org/10.1017/CBO9780511814068},
}	


@article {BollobasRiordan2000,
    AUTHOR = {Bollob\'{a}s, B\'{e}la and Riordan, Oliver},
    TITLE = {Constrained graph processes},
    JOURNAL = {Electron. J. Combin.},
    FJOURNAL = {Electronic Journal of Combinatorics},
    VOLUME = {7},
    YEAR = {2000},
    PAGES = {Research Paper 18, 20},
    MRCLASS = {05C80 (60C05)},
    MRNUMBER = {1756287},
    MRREVIEWER = {Lyuben R. Mutafchiev},
    URL = {http://www.combinatorics.org/Volume_7/Abstracts/v7i1r18.html},
}


@article {Britikov1989,
    AUTHOR = {Britikov, V. E.},
    TITLE = {The structure of a random graph near a critical point},
    JOURNAL = {Diskret. Mat.},
    FJOURNAL = {Diskretnaya Matematika},
    VOLUME = {1},
    YEAR = {1989},
    NUMBER = {3},
    PAGES = {121--128},
    ISSN = {0234-0860},
    MRCLASS = {05C80 (60C05)},
    MRNUMBER = {1044244},
    MRREVIEWER = {Zbigniew Palka},
    DOI = {10.1515/dma.1991.1.3.301},
    URL = {https://doi.org/10.1515/dma.1991.1.3.301},
}


@inproceedings {CarrGohSchmutz1994,
    AUTHOR = {Carr, Robin and Goh, William M. Y. and Schmutz, Eric},
    TITLE = {The maximum degree in a random tree and related problems},
    BOOKTITLE = {Proceedings of the {F}ifth {I}nternational {S}eminar on {R}andom {G}raphs and {P}robabilistic {M}ethods in {C}ombinatorics and {C}omputer {S}cience ({P}ozna\'{n}, 1991)},
    JOURNAL = {Random Structures Algorithms},
    FJOURNAL = {Random Structures \& Algorithms},
    VOLUME = {5},
    YEAR = {1994},
    NUMBER = {1},
    PAGES = {13--24},
    ISSN = {1042-9832},
    MRCLASS = {05C80 (05C05)},
    MRNUMBER = {1248172},
    DOI = {10.1002/rsa.3240050104},
    URL = {https://doi.org/10.1002/rsa.3240050104},
}


@article {ChapuyFusyGimenezMoharNoy2011,
    AUTHOR = {Chapuy, Guillaume and Fusy, {\'{E}}ric and Gim\'{e}nez, Omer and Mohar, Bojan and Noy, Marc},
    TITLE = {Asymptotic enumeration and limit laws for graphs of fixed genus},
    JOURNAL = {J. Combin. Theory Ser. A},
    FJOURNAL = {Journal of Combinatorial Theory. Series A},
    VOLUME = {118},
    YEAR = {2011},
    NUMBER = {3},
    PAGES = {748--777},
    ISSN = {0097-3165},
    MRCLASS = {05C30 (05A15 05A16 05C10)},
    MRNUMBER = {2745423},
    MRREVIEWER = {Nicola Apollonio},
    DOI = {10.1016/j.jcta.2010.11.014},
    URL = {https://doi.org/10.1016/j.jcta.2010.11.014},
}


@article {ChapuyFusyGimenezNoy2015,
    AUTHOR = {Chapuy, Guillaume and Fusy, {\'{E}}ric and Gim\'{e}nez, Omer and Noy, Marc},
    TITLE = {On the diameter of random planar graphs},
    JOURNAL = {Combin. Probab. Comput.},
    FJOURNAL = {Combinatorics, Probability and Computing},
    VOLUME = {24},
    YEAR = {2015},
    NUMBER = {1},
    PAGES = {145--178},
    ISSN = {0963-5483},
    MRCLASS = {05C80 (05A16 05C30 68Q87 82B41)},
    MRNUMBER = {3318042},
    DOI = {10.1017/S0963548314000467},
    URL = {https://doi.org/10.1017/S0963548314000467},
}


@article {ChungLu2001,
    AUTHOR = {Chung, Fan and Lu, Linyuan},
    TITLE = {The diameter of sparse random graphs},
    JOURNAL = {Adv. in Appl. Math.},
    FJOURNAL = {Advances in Applied Mathematics},
    VOLUME = {26},
    YEAR = {2001},
    NUMBER = {4},
    PAGES = {257--279},
    ISSN = {0196-8858},
    MRCLASS = {05C80},
    MRNUMBER = {1826308},
    MRREVIEWER = {Dudley Stark},
    DOI = {10.1006/aama.2001.0720},
    URL = {https://doi.org/10.1006/aama.2001.0720},
}


@article {ColletDrmotaKlausner2019,
    AUTHOR = {Collet, G. and Drmota, M. and Klausner, L. D.},
    TITLE = {Limit laws of planar maps with prescribed vertex degrees},
    JOURNAL = {Combin. Probab. Comput.},
    FJOURNAL = {Combinatorics, Probability and Computing},
    VOLUME = {28},
    YEAR = {2019},
    NUMBER = {4},
    PAGES = {519--541},
    ISSN = {0963-5483},
    MRCLASS = {05A16 (05C07 05C10 05C30)},
    MRNUMBER = {3984046},
    MRREVIEWER = {Valery A. Liskovets},
    DOI = {10.1017/s0963548318000573},
    URL = {https://doi.org/10.1017/s0963548318000573},
}


@article {DemboMontanari2010,
    AUTHOR = {Dembo, Amir and Montanari, Andrea},
    TITLE = {Gibbs measures and phase transitions on sparse random graphs},
    JOURNAL = {Braz. J. Probab. Stat.},
    FJOURNAL = {Brazilian Journal of Probability and Statistics},
    VOLUME = {24},
    YEAR = {2010},
    NUMBER = {2},
    PAGES = {137--211},
    ISSN = {0103-0752},
    MRCLASS = {60K35 (05C80 82B26 82B44)},
    MRNUMBER = {2643563},
    MRREVIEWER = {David J. Aldous},
    DOI = {10.1214/09-BJPS027},
    URL = {https://doi.org/10.1214/09-BJPS027},
}


@incollection {Devroye1998,
    AUTHOR = {Devroye, Luc},
    TITLE = {Branching processes and their applications in the analysis of tree structures and tree algorithms},
    BOOKTITLE = {Probabilistic methods for algorithmic discrete mathematics},
    SERIES = {Algorithms Combin.},
    VOLUME = {16},
    PAGES = {249--314},
    PUBLISHER = {Springer, Berlin},
    YEAR = {1998},
    MRCLASS = {60J80 (60C05 68Q25)},
    MRNUMBER = {1678582},
    MRREVIEWER = {N. H. Bingham},
    DOI = {10.1007/978-3-662-12788-9\_7},
    URL = {https://doi.org/10.1007/978-3-662-12788-9_7},
}


@article {DowdenKangSpruessel2018,
    AUTHOR = {Dowden, Chris and Kang, Mihyun and Spr\"{u}ssel, Philipp},
    TITLE = {The evolution of random graphs on surfaces},
    JOURNAL = {SIAM J. Discrete Math.},
    FJOURNAL = {SIAM Journal on Discrete Mathematics},
    VOLUME = {32},
    YEAR = {2018},
    NUMBER = {1},
    PAGES = {695--727},
    ISSN = {0895-4801},
    MRCLASS = {05C80 (05C10)},
    MRNUMBER = {3780117},
    MRREVIEWER = {Yongjie Yang},
    DOI = {10.1137/17M113383X},
    URL = {https://doi.org/10.1137/17M113383X},
}
	
	
@article {DrmotaGimenezNoy2011,
    AUTHOR = {Drmota, Michael and Gim\'{e}nez, Omer and Noy, Marc},
    TITLE = {Degree distribution in random planar graphs},
    JOURNAL = {J. Combin. Theory Ser. A},
    FJOURNAL = {Journal of Combinatorial Theory. Series A},
    VOLUME = {118},
    YEAR = {2011},
    NUMBER = {7},
    PAGES = {2102--2130},
    ISSN = {0097-3165},
    MRCLASS = {05C80 (05C07 05C10 05C30)},
    MRNUMBER = {2802191},
    MRREVIEWER = {Catherine H. Yan},
    DOI = {10.1016/j.jcta.2011.04.010},
    URL = {https://doi.org/10.1016/j.jcta.2011.04.010},
}


@article {DrmotaGimenezNoyPanagiotouSteger2014,
    AUTHOR = {Drmota, M. and Gim\'{e}nez, O. and Noy, M. and Panagiotou, K. and Steger, A.},
    TITLE = {The maximum degree of random planar graphs},
    JOURNAL = {Proc. Lond. Math. Soc. (3)},
    FJOURNAL = {Proceedings of the London Mathematical Society. Third Series},
    VOLUME = {109},
    YEAR = {2014},
    NUMBER = {4},
    PAGES = {892--920},
    ISSN = {0024-6115},
    MRCLASS = {05C80 (05C07 05C10 05C30)},
    MRNUMBER = {3273487},
    MRREVIEWER = {Anthony Bonato},
    DOI = {10.1112/plms/pdu024},
    URL = {https://doi.org/10.1112/plms/pdu024},
}


@incollection {DrmotaNoyStufler2020,
    AUTHOR = {Drmota, Michael and Noy, Marc and Stufler, Benedikt},
    TITLE = {Cut vertices in random planar maps},
    BOOKTITLE = {31st {I}nternational {C}onference on {P}robabilistic, {C}ombinatorial and {A}symptotic {M}ethods for the {A}nalysis of {A}lgorithms},
    SERIES = {LIPIcs. Leibniz Int. Proc. Inform.},
    VOLUME = {159},
    PAGES = {Art. No. 10, 18},
    PUBLISHER = {Schloss Dagstuhl. Leibniz-Zent. Inform., Wadern},
    YEAR = {2020},
    MRCLASS = {05C80 (05C10)},
    MRNUMBER = {4116403},
}


@article {DrmotaStufler2020,
    AUTHOR = {Drmota, Michael and Stufler, Benedikt},
    TITLE = {Pattern occurrences in random planar maps},
    JOURNAL = {Statist. Probab. Lett.},
    FJOURNAL = {Statistics \& Probability Letters},
    VOLUME = {158},
    YEAR = {2020},
    PAGES = {108666, 6},
    ISSN = {0167-7152},
    MRCLASS = {05C80 (05C30)},
    MRNUMBER = {4027765},
    DOI = {10.1016/j.spl.2019.108666},
    URL = {https://doi.org/10.1016/j.spl.2019.108666},
}


@article{EggenbergerPolya1923,
    AUTHOR = {Eggenberger, F. and P{\'o}lya, G.},
    TITLE = {Über die {S}tatistik verketteter {V}orgänge},
    JOURNAL = {ZAMM - Journal of Applied Mathematics and Mechanics / Zeitschrift für Angewandte Mathematik und Mechanik},
    VOLUME = {3},
    NUMBER = {4},
    PAGES = {279-289},
    DOI = {https://doi.org/10.1002/zamm.19230030407},
    URL = {https://onlinelibrary.wiley.com/doi/abs/10.1002/zamm.19230030407},
    EPRINT = {https://onlinelibrary.wiley.com/doi/pdf/10.1002/zamm.19230030407},
    YEAR = {1923}
}


@article {ErdoesRenyi1959,
    AUTHOR = {Erd\H{o}s, P. and R\'{e}nyi, A.},
    TITLE = {On random graphs. {I}},
    JOURNAL = {Publ. Math. Debrecen},
    FJOURNAL = {Publicationes Mathematicae Debrecen},
    VOLUME = {6},
    YEAR = {1959},
    PAGES = {290--297},
    ISSN = {0033-3883},
    MRCLASS = {05.00},
    MRNUMBER = {120167},
    MRREVIEWER = {A. Dvoretzky},
}


@article {ErdoesRenyi1960,
    AUTHOR = {Erd\H{o}s, P. and R\'{e}nyi, A.},
    TITLE = {On the evolution of random graphs},
    JOURNAL = {Magyar Tud. Akad. Mat. Kutat\'{o} Int. K\"{o}zl.},
    FJOURNAL = {A Magyar Tudom\'{a}nyos Akad\'{e}mia. Matematikai Kutat\'{o} Int\'{e}zet\'{e}nek K\"{o}zlem\'{e}nyei},
    VOLUME = {5},
    YEAR = {1960},
    PAGES = {17--61},
    ISSN = {0541-9514},
    MRCLASS = {05.40},
    MRNUMBER = {125031},
    MRREVIEWER = {John Riordan},
}


@inproceedings {ErdoesSuenWinkler1993,
    AUTHOR = {Erd\H{o}s, Paul and Suen, Stephen and Winkler, Peter},
    TITLE = {On the size of a random maximal graph},
    BOOKTITLE = {Proceedings of the {S}ixth {I}nternational {S}eminar on {R}andom {G}raphs and {P}robabilistic {M}ethods in {C}ombinatorics and {C}omputer {S}cience, ``{R}andom {G}raphs '93'' ({P}ozna\'{n}, 1993)},
    JOURNAL = {Random Structures Algorithms},
    FJOURNAL = {Random Structures \& Algorithms},
    VOLUME = {6},
    YEAR = {1995},
    NUMBER = {2-3},
    PAGES = {309--318},
    ISSN = {1042-9832},
    MRCLASS = {05C80},
    MRNUMBER = {1370965},
    DOI = {10.1002/rsa.3240060217},
    URL = {https://doi.org/10.1002/rsa.3240060217},
}


@article {ErdosWilson1977,
    AUTHOR = {Erd\H{o}s, P. and Wilson, Robin J.},
    TITLE = {On the chromatic index of almost all graphs},
    JOURNAL = {J. Combinatorial Theory Ser. B},
    FJOURNAL = {Journal of Combinatorial Theory. Series B},
    VOLUME = {23},
    YEAR = {1977},
    NUMBER = {2-3},
    PAGES = {255--257},
    ISSN = {0095-8956},
    MRCLASS = {05C30 (05C15)},
    MRNUMBER = {463022},
    MRREVIEWER = {Andreas Blass},
    DOI = {10.1016/0003-4916(63)90266-5},
    URL = {https://doi.org/10.1016/0003-4916(63)90266-5},
}

		

@article {FizPontiverosGriffithsMorris2020,
    AUTHOR = {Fiz Pontiveros, Gonzalo and Griffiths, Simon and Morris, Robert},
    TITLE = {The triangle-free process and the {R}amsey number {$R(3,k)$}},
    JOURNAL = {Mem. Amer. Math. Soc.},
    FJOURNAL = {Memoirs of the American Mathematical Society},
    VOLUME = {263},
    YEAR = {2020},
    NUMBER = {1274},
    PAGES = {v+125},
    ISSN = {0065-9266},
    ISBN = {978-1-4704-4071-8; 978-1-4704-5656-6},
    MRCLASS = {05C35 (05C55 05C69 05C75 05C80)},
    MRNUMBER = {4073152},
    MRREVIEWER = {Jan Hladk\'{y}},
    DOI = {10.1090/memo/1274},
    URL = {https://doi.org/10.1090/memo/1274},
}


@article {FountoulakisPanagioutou2011,
    AUTHOR = {Fountoulakis, Nikolaos and Panagiotou, Konstantinos},
    TITLE = {3-connected cores in random planar graphs},
    JOURNAL = {Combin. Probab. Comput.},
    FJOURNAL = {Combinatorics, Probability and Computing},
    VOLUME = {20},
    YEAR = {2011},
    NUMBER = {3},
    PAGES = {381--412},
    ISSN = {0963-5483},
    MRCLASS = {05C80 (05C10)},
    MRNUMBER = {2784634},
    MRREVIEWER = {David B. Penman},
    DOI = {10.1017/S0963548310000532},
    URL = {https://doi.org/10.1017/S0963548310000532},
}
			

@book {FriezeKaronski2016,
    AUTHOR = {Frieze, Alan and Karo\'{n}ski, Micha\l },
    TITLE = {Introduction to random graphs},
    PUBLISHER = {Cambridge University Press, Cambridge},
    YEAR = {2016},
    PAGES = {xvii+464},
    ISBN = {978-1-107-11850-8},
    MRCLASS = {05-01 (05C80 60C05 60E15 60F05 60G42)},
    MRNUMBER = {3675279},
    DOI = {10.1017/CBO9781316339831},
    URL = {https://doi.org/10.1017/CBO9781316339831},
}


@article {Fusy2009,
    AUTHOR = {Fusy, {\'{E}}ric},
    TITLE = {Uniform random sampling of planar graphs in linear time},
    JOURNAL = {Random Structures Algorithms},
    FJOURNAL = {Random Structures \& Algorithms},
    VOLUME = {35},
    YEAR = {2009},
    NUMBER = {4},
    PAGES = {464--522},
    ISSN = {1042-9832},
    MRCLASS = {05C80 (05A15 05A19 05C10 05C78 05C85)},
    MRNUMBER = {2573060},
    DOI = {10.1002/rsa.20275},
    URL = {https://doi.org/10.1002/rsa.20275},
}


@article {GerkeMcDiarmid2004,
    AUTHOR = {Gerke, Stefanie and McDiarmid, Colin},
    TITLE = {On the number of edges in random planar graphs},
    JOURNAL = {Combin. Probab. Comput.},
    FJOURNAL = {Combinatorics, Probability and Computing},
    VOLUME = {13},
    YEAR = {2004},
    NUMBER = {2},
    PAGES = {165--183},
    ISSN = {0963-5483},
    MRCLASS = {05C80 (60C05)},
    MRNUMBER = {2047234},
    MRREVIEWER = {David B. Penman},
    DOI = {10.1017/S0963548303005947},
    URL = {https://doi.org/10.1017/S0963548303005947},
}


@inproceedings {GerkeMcDiarmidStegerWeissl2005,
    AUTHOR = {Gerke, Stefanie and McDiarmid, Colin and Steger, Angelika and Wei{\ss}l, Andreas},
    TITLE = {Random planar graphs with {$n$} nodes and a fixed number of edges},
    BOOKTITLE = {Proceedings of the {S}ixteenth {A}nnual {ACM}-{SIAM} {S}ymposium on {D}iscrete {A}lgorithms},
    PAGES = {999--1007},
    PUBLISHER = {ACM, New York},
    YEAR = {2005},
    MRCLASS = {05C80},
    MRNUMBER = {2298359},
}


@incollection {GerkeMcDiarmidStegerWeissl2007,
    AUTHOR = {Gerke, Stefanie and McDiarmid, Colin and Steger, Angelika and Wei{\ss}l, Andreas},
    TITLE = {Random planar graphs with given average degree},
    BOOKTITLE = {Combinatorics, complexity, and chance},
    SERIES = {Oxford Lecture Ser. Math. Appl.},
    VOLUME = {34},
    PAGES = {83--102},
    PUBLISHER = {Oxford Univ. Press, Oxford},
    YEAR = {2007},
    MRCLASS = {05C80 (05C07)},
    MRNUMBER = {2314563},
    MRREVIEWER = {Anthony Bonato},
    DOI = {10.1093/acprof:oso/9780198571278.003.0006},
    URL = {https://doi.org/10.1093/acprof:oso/9780198571278.003.0006},
}
		

@article {GerkeSchlatterStegerTaraz2008,
    AUTHOR = {Gerke, Stefanie and Schlatter, Dirk and Steger, Angelika and Taraz, Anusch},
    TITLE = {The random planar graph process},
    JOURNAL = {Random Structures Algorithms},
    FJOURNAL = {Random Structures \& Algorithms},
    VOLUME = {32},
    YEAR = {2008},
    NUMBER = {2},
    PAGES = {236--261},
    ISSN = {1042-9832},
    MRCLASS = {60C05 (05C80)},
    MRNUMBER = {2387559},
    MRREVIEWER = {David B. Penman},
    DOI = {10.1002/rsa.20186},
    URL = {https://doi.org/10.1002/rsa.20186},
}
		

@article {GimenezNoy2009,
    AUTHOR = {Gim\'{e}nez, Omer and Noy, Marc},
    TITLE = {Asymptotic enumeration and limit laws of planar graphs},
    JOURNAL = {J. Amer. Math. Soc.},
    FJOURNAL = {Journal of the American Mathematical Society},
    VOLUME = {22},
    YEAR = {2009},
    NUMBER = {2},
    PAGES = {309--329},
    ISSN = {0894-0347},
    MRCLASS = {05A16 (05C30 05C80)},
    MRNUMBER = {2476775},
    MRREVIEWER = {Peter Kirschenhofer},
    DOI = {10.1090/S0894-0347-08-00624-3},
    URL = {https://doi.org/10.1090/S0894-0347-08-00624-3},
}


@article {Gilbert1959,
    AUTHOR = {Gilbert, E. N.},
    TITLE = {Random graphs},
    JOURNAL = {Ann. Math. Statist.},
    FJOURNAL = {Annals of Mathematical Statistics},
    VOLUME = {30},
    YEAR = {1959},
    PAGES = {1141--1144},
    ISSN = {0003-4851},
    MRCLASS = {60.00 (05.00)},
    MRNUMBER = {108839},
    MRREVIEWER = {John Riordan},
    DOI = {10.1214/aoms/1177706098},
    URL = {https://doi.org/10.1214/aoms/1177706098},
}


@article {GimenezNoyRue2013,
    AUTHOR = {Gim\'{e}nez, Omer and Noy, Marc and Ru\'{e}, Juanjo},
    TITLE = {Graph classes with given 3-connected components: asymptotic enumeration and random graphs},
    JOURNAL = {Random Structures Algorithms},
    FJOURNAL = {Random Structures \& Algorithms},
    VOLUME = {42},
    YEAR = {2013},
    NUMBER = {4},
    PAGES = {438--479},
    ISSN = {1042-9832},
    MRCLASS = {05C80 (05C83)},
    MRNUMBER = {3068033},
    DOI = {10.1002/rsa.20421},
    URL = {https://doi.org/10.1002/rsa.20421},
}


@article {Gonnet1981,
    AUTHOR = {Gonnet, Gaston H.},
    TITLE = {Expected length of the longest probe sequence in hash code searching},
    JOURNAL = {J. Assoc. Comput. Mach.},
    FJOURNAL = {Journal of the Association for Computing Machinery},
    VOLUME = {28},
    YEAR = {1981},
    NUMBER = {2},
    PAGES = {289--304},
    ISSN = {0004-5411},
    MRCLASS = {68E05 (68H05)},
    MRNUMBER = {612082},
    DOI = {10.1145/322248.322254},
    URL = {https://doi.org/10.1145/322248.322254},
}
		

@article {Grimmett198081,
    AUTHOR = {Grimmett, G. R.},
    TITLE = {Random labelled trees and their branching networks},
    JOURNAL = {J. Austral. Math. Soc. Ser. A},
    FJOURNAL = {Australian Mathematical Society. Journal. Series A. Pure Mathematics and Statistics},
    VOLUME = {30},
    YEAR = {1980/81},
    NUMBER = {2},
    PAGES = {229--237},
    ISSN = {0263-6115},
    MRCLASS = {05C05 (60J50)},
    MRNUMBER = {607933},
}


@article {Ivcenko1973,
    AUTHOR = {Iv\v{c}enko, G. I.},
    TITLE = {The asymptotic behavior of the degrees of vertices in a random graph},
    JOURNAL = {Teor. Verojatnost. i Primenen.},
    FJOURNAL = {Akademija Nauk SSSR. Teorija Verojatnoste\u{\i} i ee Primenenija},
    VOLUME = {18},
    YEAR = {1973},
     PAGES = {195--203},
    ISSN = {0040-361x},
    MRCLASS = {05C99 (60C05)},
    MRNUMBER = {0309802},
    MRREVIEWER = {W. Hoeffding},
}


@ARTICLE{Janson2011,
	author = {Janson, Svante},
	title = "{Probability asymptotics: notes on notation}",
	journal = {Institute Mittag-Leffler Report 12},
	year = "2011",	
}


@article {JansonKnuthLuczakPittel1993,
    AUTHOR = {Janson, Svante and Knuth, Donald E. and {\L}uczak, Tomasz and Pittel, Boris},
    TITLE = {The birth of the giant component},
    NOTE = {With an introduction by the editors},
    JOURNAL = {Random Structures Algorithms},
    FJOURNAL = {Random Structures \& Algorithms},
    VOLUME = {4},
    YEAR = {1993},
    NUMBER = {3},
    PAGES = {231--358},
    ISSN = {1042-9832},
    MRCLASS = {05C80 (60C05)},
    MRNUMBER = {1220220},
    MRREVIEWER = {Alan M. Frieze},
    DOI = {10.1002/rsa.3240040303},
    URL = {https://doi.org/10.1002/rsa.3240040303},
}


@book {JansonLuczakRucinski2000,
	AUTHOR = {Janson, Svante and {\L}uczak, Tomasz and Rucinski, Andrzej},
	TITLE = {Random graphs},
	SERIES = {Wiley-Interscience Series in Discrete Mathematics and
	Optimization},
	PUBLISHER = {Wiley-Interscience, New York},
	YEAR = {2000},
	PAGES = {xii+333},
	ISBN = {0-471-17541-2},
	MRCLASS = {05C80 (60C05 82B41)},
	MRNUMBER = {1782847},
	MRREVIEWER = {Mark R. Jerrum},
	DOI = {10.1002/9781118032718},
	URL = {https://doi.org/10.1002/9781118032718},
}


@book {JohnsonKotz1977,
    AUTHOR = {Johnson, Norman L. and Kotz, Samuel},
    TITLE = {Urn models and their application},
    SERIES = {Wiley Series in Probability and Mathematical Statistics},
    NOTE = {An approach to modern discrete probability theory},
    PUBLISHER = {John Wiley \& Sons, New York-London-Sydney},
    YEAR = {1977},
    PAGES = {xiii+402},
    MRCLASS = {60C05 (60E05 62E15)},
    MRNUMBER = {0488211},
    MRREVIEWER = {C. J. Park},
}


@article {KamcevKrivelevichMorrisonSudakov2020,
    AUTHOR = {Kam\v{c}ev, Nina and Krivelevich, Michael and Morrison, Natasha and Sudakov, Benny},
    TITLE = {The {K}{\H{o}}nig graph process},
    JOURNAL = {Random Structures Algorithms},
    FJOURNAL = {Random Structures \& Algorithms},
    VOLUME = {57},
    YEAR = {2020},
    NUMBER = {4},
    PAGES = {1272--1302},
    ISSN = {1042-9832},
    MRCLASS = {05C70 (05C80 60E15)},
    MRNUMBER = {4170449},
    MRREVIEWER = {Anant P. Godbole},
    DOI = {10.1002/rsa.20969},
    URL = {https://doi.org/10.1002/rsa.20969},
}


@article {KangLuczak2012,
    AUTHOR = {Kang, Mihyun and {\L}uczak, Tomasz},
    TITLE = {Two critical periods in the evolution of random planar graphs},
    JOURNAL = {Trans. Amer. Math. Soc.},
    FJOURNAL = {Transactions of the American Mathematical Society},
    VOLUME = {364},
    YEAR = {2012},
    NUMBER = {8},
    PAGES = {4239--4265},
    ISSN = {0002-9947},
    MRCLASS = {05C80 (05C10 05C30)},
    MRNUMBER = {2912453},
    MRREVIEWER = {David B. Penman},
    DOI = {10.1090/S0002-9947-2012-05502-4},
    URL = {https://doi.org/10.1090/S0002-9947-2012-05502-4},
}


@incollection {KangMissethan2020,
    AUTHOR = {Kang, Mihyun and Missethan, Michael},
    TITLE = {The giant component and 2-core in sparse random outerplanar graphs},
    BOOKTITLE = {31st {I}nternational {C}onference on {P}robabilistic, {C}ombinatorial and {A}symptotic {M}ethods for the {A}nalysis of {A}lgorithms},
    SERIES = {LIPIcs. Leibniz Int. Proc. Inform.},
    VOLUME = {159},
    PAGES = {Art. No. 18, 16},
    PUBLISHER = {Schloss Dagstuhl. Leibniz-Zent. Inform., Wadern},
    YEAR = {2020},
    MRCLASS = {05C80 (05C10)},
    MRNUMBER = {4116411},
}


@InProceedings{KangMissethan2021b,
    AUTHOR="Kang, Mihyun and Missethan, Michael",
    EDITOR="Ne{\v{s}}et{\v{r}}il, Jaroslav and Perarnau, Guillem and Ru{\'e}, Juanjo and Serra, Oriol",
    TITLE="Cut Vertices in Random Planar Graphs",
    BOOKTITLE="Extended Abstracts EuroComb 2021",
    YEAR="2021",
    PUBLISHER="Springer International Publishing",
    ADDRESS="Cham",
    PAGES="18--24",
    ISBN="978-3-030-83823-2"
}


@article{KangMissethan2021,
    AUTHOR = {Kang, Mihyun and Missethan, Michael},
    TITLE = {Longest and shortest cycles in random planar graphs},
    JOURNAL = {Random Structures Algorithms},
    FJOURNAL = {Random Structures \& Algorithms},
    PAGES = {1--44},
    YEAR = {2021},
    DOI = {https://doi.org/10.1002/rsa.21040},
    URL = {https://onlinelibrary.wiley.com/doi/abs/10.1002/rsa.21040},
}


@article {KangMosshammerSpruessel2020,
    AUTHOR = {Kang, Mihyun and Mo{\ss}hammer, Michael and Spr\"{u}ssel, Philipp},
    TITLE = {Phase transitions in graphs on orientable surfaces},
    JOURNAL = {Random Structures Algorithms},
    FJOURNAL = {Random Structures \& Algorithms},
    VOLUME = {56},
    YEAR = {2020},
    NUMBER = {4},
    PAGES = {1117--1170},
    ISSN = {1042-9832},
    MRCLASS = {05C80 (05C10 60K35)},
    MRNUMBER = {4101355},
    DOI = {10.1002/rsa.20900},
    URL = {https://doi.org/10.1002/rsa.20900},
}


@article {KangPanagiotou2013,
    AUTHOR = {Kang, Mihyun and Panagiotou, Konstantinos},
    TITLE = {On the connectivity of random graphs from addable classes},
    JOURNAL = {J. Combin. Theory Ser. B},
    FJOURNAL = {Journal of Combinatorial Theory. Series B},
    VOLUME = {103},
    YEAR = {2013},
    NUMBER = {2},
    PAGES = {306--312},
    ISSN = {0095-8956},
    MRCLASS = {05C80 (05C40 05C75 68R10)},
    MRNUMBER = {3018072},
    MRREVIEWER = {David B. Penman},
    DOI = {10.1016/j.jctb.2012.12.001},
    URL = {https://doi.org/10.1016/j.jctb.2012.12.001},
}


@article {KarlinRinott1980,
    AUTHOR = {Karlin, Samuel and Rinott, Yosef},
    TITLE = {Classes of orderings of measures and related correlation inequalities. {II}. {M}ultivariate reverse rule distributions},
    JOURNAL = {J. Multivariate Anal.},
    FJOURNAL = {Journal of Multivariate Analysis},
    VOLUME = {10},
    YEAR = {1980},
    NUMBER = {4},
    PAGES = {499--516},
    ISSN = {0047-259X},
    MRCLASS = {60E15 (62H05)},
    MRNUMBER = {599686},
    DOI = {10.1016/0047-259X(80)90066-4},
    URL = {https://doi.org/10.1016/0047-259X(80)90066-4},
}


@article {Kolchin1986,
    AUTHOR = {Kolchin, V. F.},
    TITLE = {The behavior of a random graph near a critical point},
    JOURNAL = {Teor. Veroyatnost. i Primenen.},
    FJOURNAL = {Akademiya Nauk SSSR. Teoriya Veroyatnoste\u{\i} i ee Primeneniya},
    VOLUME = {31},
    YEAR = {1986},
    NUMBER = {3},
    PAGES = {503--515},
    ISSN = {0040-361X},
    MRCLASS = {05C80 (60C05)},
    MRNUMBER = {866870},
    MRREVIEWER = {Zbigniew Palka},
}


@article {KrivelevichKwanLohSudakov2018,
    AUTHOR = {Krivelevich, Michael and Kwan, Matthew and Loh, Po-Shen and Sudakov, Benny},
    TITLE = {The random {$k$}-matching-free process},
    JOURNAL = {Random Structures Algorithms},
    FJOURNAL = {Random Structures \& Algorithms},
    VOLUME = {53},
    YEAR = {2018},
    NUMBER = {4},
    PAGES = {692--716},
    ISSN = {1042-9832},
    MRCLASS = {05C80 (05C75 60C05)},
    MRNUMBER = {3875281},
    MRREVIEWER = {Pim van der Hoorn},
    DOI = {10.1002/rsa.20814},
    URL = {https://doi.org/10.1002/rsa.20814},
}


@article {KrivelevichNachmias2006,
    AUTHOR = {Krivelevich, Michael and Nachmias, Asaf},
    TITLE = {Coloring complete bipartite graphs from random lists},
    JOURNAL = {Random Structures Algorithms},
    FJOURNAL = {Random Structures \& Algorithms},
    VOLUME = {29},
    YEAR = {2006},
    NUMBER = {4},
    PAGES = {436--449},
    ISSN = {1042-9832},
    MRCLASS = {05C15 (60C05 68Q25 68R10)},
    MRNUMBER = {2268230},
    MRREVIEWER = {Lyuben R. Mutafchiev},
    DOI = {10.1002/rsa.20114},
    URL = {https://doi.org/10.1002/rsa.20114},
}


@article {KrivelevichSudakovVilenchik2009,
    AUTHOR = {Krivelevich, Michael and Sudakov, Benny and Vilenchik, Dan},
    TITLE = {On the random satisfiable process},
    JOURNAL = {Combin. Probab. Comput.},
    FJOURNAL = {Combinatorics, Probability and Computing},
    VOLUME = {18},
    YEAR = {2009},
    NUMBER = {5},
    PAGES = {775--801},
    ISSN = {0963-5483},
    MRCLASS = {68Q87 (03B05 05C80 68Q25 68T20)},
    MRNUMBER = {2534269},
    MRREVIEWER = {Mark R. Jerrum},
    DOI = {10.1017/S0963548309990356},
    URL = {https://doi.org/10.1017/S0963548309990356},
}


@incollection {LeGallMiermont2012,
    AUTHOR = {Le Gall, Jean-Fran\c{c}ois and Miermont, Gr\'{e}gory},
    TITLE = {Scaling limits of random trees and planar maps},
    BOOKTITLE = {Probability and statistical physics in two and more dimensions},
    SERIES = {Clay Math. Proc.},
    VOLUME = {15},
    PAGES = {155--211},
    PUBLISHER = {Amer. Math. Soc., Providence, RI},
    YEAR = {2012},
    MRCLASS = {60J80 (60J68)},
    MRNUMBER = {3025391},
    MRREVIEWER = {Jos\'{e} Villa-Morales},
}


@article {Luczak1990,
    AUTHOR = {{\L}uczak, Tomasz},
    TITLE = {Component behavior near the critical point of the random graph process},
    JOURNAL = {Random Structures Algorithms},
    FJOURNAL = {Random Structures \& Algorithms},
    VOLUME = {1},
    YEAR = {1990},
    NUMBER = {3},
    PAGES = {287--310},
    ISSN = {1042-9832},
    MRCLASS = {05C80 (60C05)},
    MRNUMBER = {1099794},
    MRREVIEWER = {Graham Brightwell},
    DOI = {10.1002/rsa.3240010305},
    URL = {https://doi.org/10.1002/rsa.3240010305},
}
		

@article {Luczak1991,
    AUTHOR = {{\L}uczak, Tomasz},
    TITLE = {A note on the sharp concentration of the chromatic number of random graphs},
    JOURNAL = {Combinatorica},
    FJOURNAL = {Combinatorica. An International Journal on Combinatorics and the Theory of Computing},
    VOLUME = {11},
    YEAR = {1991},
    NUMBER = {3},
    PAGES = {295--297},
    ISSN = {0209-9683},
    MRCLASS = {05C80 (05C15)},
    MRNUMBER = {1122014},
    MRREVIEWER = {Alan M. Frieze},
    DOI = {10.1007/BF01205080},
    URL = {https://doi.org/10.1007/BF01205080},
}



@article {Luczak1991b,
    AUTHOR = {{\L}uczak, Tomasz},
    TITLE = {Cycles in a random graph near the critical point},
    JOURNAL = {Random Structures Algorithms},
    FJOURNAL = {Random Structures \& Algorithms},
    VOLUME = {2},
    YEAR = {1991},
    NUMBER = {4},
    PAGES = {421--439},
    ISSN = {1042-9832},
    MRCLASS = {05C80 (05C38)},
    MRNUMBER = {1125957},
    MRREVIEWER = {Alan M. Frieze},
    DOI = {10.1002/rsa.3240020405},
    URL = {https://doi.org/10.1002/rsa.3240020405},
}


@article {LuczakPittelWierman1994,
    AUTHOR = {{\L}uczak, Tomasz and Pittel, Boris and Wierman, John C.},
     TITLE = {The structure of a random graph at the point of the phase transition},
    JOURNAL = {Trans. Amer. Math. Soc.},
    FJOURNAL = {Transactions of the American Mathematical Society},
    VOLUME = {341},
    YEAR = {1994},
    NUMBER = {2},
    PAGES = {721--748},
    ISSN = {0002-9947},
    MRCLASS = {05C80 (60C05)},
    MRNUMBER = {1138950},
    DOI = {10.2307/2154580},
    URL = {https://doi.org/10.2307/2154580},
}


@book {Mahmoud2009,
    AUTHOR = {Mahmoud, Hosam M.},
    TITLE = {P\'{o}lya urn models},
    SERIES = {Texts in Statistical Science Series},
    PUBLISHER = {CRC Press, Boca Raton, FL},
    YEAR = {2009},
    PAGES = {xii+290},
    ISBN = {978-1-4200-5983-0},
    MRCLASS = {60-01 (60C05 60G55 68R05 92B05)},
    MRNUMBER = {2435823},
    MRREVIEWER = {Michele Zito},
}


@book {MatousekNesetril2009,
    AUTHOR = {Matou\v{s}ek, Ji\v{r}\'{\i} and Ne\v{s}et\v{r}il, Jaroslav},
    TITLE = {Invitation to discrete mathematics},
    EDITION = {Second},
    PUBLISHER = {Oxford University Press, Oxford},
    YEAR = {2009},
    PAGES = {xviii+443},
    ISBN = {978-0-19-857042-4},
    MRCLASS = {05-01 (05Cxx)},
    MRNUMBER = {2469243},
}
		

@article {McDiarmid2008,
    AUTHOR = {McDiarmid, Colin},
    TITLE = {Random graphs on surfaces},
    JOURNAL = {J. Combin. Theory Ser. B},
    FJOURNAL = {Journal of Combinatorial Theory. Series B},
    VOLUME = {98},
    YEAR = {2008},
    NUMBER = {4},
    PAGES = {778--797},
    ISSN = {0095-8956},
    MRCLASS = {05C80 (05C10 05C30)},
    MRNUMBER = {2418771},
    MRREVIEWER = {Edward A. Bender},
    DOI = {10.1016/j.jctb.2007.11.006},
    URL = {https://doi.org/10.1016/j.jctb.2007.11.006},
}


@article {McDiarmidReed2008,
    AUTHOR = {McDiarmid, Colin and Reed, Bruce},
    TITLE = {On the maximum degree of a random planar graph},
    JOURNAL = {Combin. Probab. Comput.},
    FJOURNAL = {Combinatorics, Probability and Computing},
    VOLUME = {17},
    YEAR = {2008},
    NUMBER = {4},
    PAGES = {591--601},
    ISSN = {0963-5483},
    MRCLASS = {05C80},
    MRNUMBER = {2433943},
    MRREVIEWER = {Yongtang Shi},
    DOI = {10.1017/S0963548308009097},
    URL = {https://doi.org/10.1017/S0963548308009097},
}


@article {McDiarmidStegerWelsh2005,
    AUTHOR = {McDiarmid, Colin and Steger, Angelika and Welsh, Dominic J. A.},
    TITLE = {Random planar graphs},
    JOURNAL = {J. Combin. Theory Ser. B},
    FJOURNAL = {Journal of Combinatorial Theory. Series B},
    VOLUME = {93},
    YEAR = {2005},
    NUMBER = {2},
    PAGES = {187--205},
    ISSN = {0095-8956},
    MRCLASS = {05C80 (05C10 05C30)},
    MRNUMBER = {2117936},
    MRREVIEWER = {Deryk Osthus},
    DOI = {10.1016/j.jctb.2004.09.007},
    URL = {https://doi.org/10.1016/j.jctb.2004.09.007},
}


@incollection {McDiarmidStegerWelsh2006,
    AUTHOR = {McDiarmid, Colin and Steger, Angelika and Welsh, Dominic J. A.},
    TITLE = {Random graphs from planar and other addable classes},
    BOOKTITLE = {Topics in discrete mathematics},
    SERIES = {Algorithms Combin.},
    VOLUME = {26},
    PAGES = {231--246},
    PUBLISHER = {Springer, Berlin},
    YEAR = {2006},
    MRCLASS = {05C80 (05C10 68R10)},
    MRNUMBER = {2249274},
    MRREVIEWER = {David B. Penman},
    DOI = {10.1007/3-540-33700-8\_15},
    URL = {https://doi.org/10.1007/3-540-33700-8_15},
}


@article {McKayWormald1997,
    AUTHOR = {McKay, Brendan D. and Wormald, Nicholas C.},
    TITLE = {The degree sequence of a random graph. {I}. {T}he models},
    JOURNAL = {Random Structures Algorithms},
    FJOURNAL = {Random Structures \& Algorithms},
    VOLUME = {11},
    YEAR = {1997},
    NUMBER = {2},
    PAGES = {97--117},
    ISSN = {1042-9832},
    MRCLASS = {05C80},
    MRNUMBER = {1610253},
    MRREVIEWER = {Zbigniew Palka},
    DOI = {10.1002/(SICI)1098-2418(199709)11:2<97::AID-RSA1>3.3.CO;2-E},
    URL = {https://doi.org/10.1002/(SICI)1098-2418(199709)11:2<97::AID-RSA1>3.3.CO;2-E},
}


@article {MeirMoon1970,
    AUTHOR = {Meir, A. and Moon, J. W.},
    TITLE = {The distance between points in random trees},
    JOURNAL = {J. Combinatorial Theory},
    FJOURNAL = {Journal of Combinatorial Theory},
    VOLUME = {8},
    YEAR = {1970},
    PAGES = {99--103},
    ISSN = {0021-9800},
    MRCLASS = {05.45},
    MRNUMBER = {263685},
    MRREVIEWER = {H. V. Kronk},
}


@article{Missethan2021,
	TITLE  = {Sparse random planar graphs},
	AUTHOR = {Missethan, Michael},
	VOLUME = {246},
	PAGES = {29--41},
	JOURNAL = {Internationale Mathematische Nachrichten},
	PUBLISHER = {{\"O}sterreichische Mathematische Gesellschaft, {\"O}MG},
	YEAR   = {2021},
}


@book {MitzenmacherUpfal2017,
    AUTHOR = {Mitzenmacher, Michael and Upfal, Eli},
    TITLE = {Probability and computing},
    EDITION = {Second},
    NOTE = {Randomization and probabilistic techniques in algorithms and data analysis},
    PUBLISHER = {Cambridge University Press, Cambridge},
    YEAR = {2017},
    PAGES = {xx+467},
    ISBN = {978-1-107-15488-9},
    MRCLASS = {68-01 (60C05 60G42 60J10 60K25 62H30 68W20 68W40)},
    MRNUMBER = {3674428},
}
		
	
@inproceedings {MolloyReed1995,
    AUTHOR = {Molloy, Michael and Reed, Bruce},
    TITLE = {A critical point for random graphs with a given degree sequence},
    BOOKTITLE = {Proceedings of the {S}ixth {I}nternational {S}eminar on {R}andom {G}raphs and {P}robabilistic {M}ethods in {C}ombinatorics and {C}omputer {S}cience, ``{R}andom {G}raphs '93'' ({P}ozna\'{n}, 1993)},
    JOURNAL = {Random Structures Algorithms},
    FJOURNAL = {Random Structures \& Algorithms},
    VOLUME = {6},
    YEAR = {1995},
    PAGES = {161--179},
    ISSN = {1042-9832},
    MRCLASS = {05C80 (05C15)},
    MRNUMBER = {1370952},
    MRREVIEWER = {Colin J. H. McDiarmid},
    DOI = {10.1002/rsa.3240060204},
    URL = {https://doi.org/10.1002/rsa.3240060204},
}


@article {Moon1968,
    AUTHOR = {Moon, J. W.},
    TITLE = {On the maximum degree in a random tree},
    JOURNAL = {Michigan Math. J.},
    FJOURNAL = {Michigan Mathematical Journal},
    VOLUME = {15},
    YEAR = {1968},
    PAGES = {429--432},
    ISSN = {0026-2285},
    MRCLASS = {05.45},
    MRNUMBER = {233729},
    MRREVIEWER = {W. T. Tutte},
    URL = {http://projecteuclid.org/euclid.mmj/1029000098},
}


@mastersthesis{Mosshammer2013,
	author={Mo{\ss}hammer, Michael},
	title="{Phase transitions in series-parallel graphs}",
	school="{Graz University of Technology}",
	year = "2013",
	note="{http://diglib.tugraz.at/download.php?id=576a74db1215c\&location=browse}"
}


@article {NorineSeymourThomasWollan2006,
    AUTHOR = {Norine, Serguei and Seymour, Paul and Thomas, Robin and Wollan, Paul},
    TITLE = {Proper minor-closed families are small},
    JOURNAL = {J. Combin. Theory Ser. B},
    FJOURNAL = {Journal of Combinatorial Theory. Series B},
    VOLUME = {96},
    YEAR = {2006},
    NUMBER = {5},
    PAGES = {754--757},
    ISSN = {0095-8956},
    MRCLASS = {05C83 (05C30 05C80)},
    MRNUMBER = {2236510},
    MRREVIEWER = {Deryk Osthus},
    DOI = {10.1016/j.jctb.2006.01.006},
    URL = {https://doi.org/10.1016/j.jctb.2006.01.006},
}


@article {NoyRavelomananaRue2015,
    AUTHOR = {Noy, Marc and Ravelomanana, Vlady and Ru\'{e}, Juanjo},
    TITLE = {On the probability of planarity of a random graph near the critical point},
    JOURNAL = {Proc. Amer. Math. Soc.},
    FJOURNAL = {Proceedings of the American Mathematical Society},
    VOLUME = {143},
    YEAR = {2015},
    NUMBER = {3},
    PAGES = {925--936},
    ISSN = {0002-9939},
    MRCLASS = {05C80 (05A16)},
    MRNUMBER = {3293711},
    MRREVIEWER = {Christian Lavault},
    DOI = {10.1090/S0002-9939-2014-12141-1},
    URL = {https://doi.org/10.1090/S0002-9939-2014-12141-1},
}


@article {NoyRequileRue2020,
    AUTHOR = {Noy, Marc and Requil\'{e}, Cl\'{e}ment and Ru\'{e}, Juanjo},
    TITLE = {Further results on random cubic planar graphs},
    JOURNAL = {Random Structures Algorithms},
    FJOURNAL = {Random Structures \& Algorithms},
    VOLUME = {56},
    YEAR = {2020},
    NUMBER = {3},
    PAGES = {892--924},
    ISSN = {1042-9832},
    MRCLASS = {05C80 (05C10 05C30)},
    MRNUMBER = {4084194},
    MRREVIEWER = {David B. Penman},
    DOI = {10.1002/rsa.20893},
    URL = {https://doi.org/10.1002/rsa.20893},
}


@article {OsthusTaraz2001,
    AUTHOR = {Osthus, Deryk and Taraz, Anusch},
    TITLE = {Random maximal {$H$}-free graphs},
    JOURNAL = {Random Structures Algorithms},
    FJOURNAL = {Random Structures \& Algorithms},
    VOLUME = {18},
    YEAR = {2001},
    NUMBER = {1},
    PAGES = {61--82},
    ISSN = {1042-9832},
    MRCLASS = {05C80},
    MRNUMBER = {1799803},
    MRREVIEWER = {Andrzej Ruci\'{n}ski},
    DOI = {10.1002/1098-2418(200101)18:1<61::AID-RSA5>3.3.CO;2-K},
    URL = {https://doi.org/10.1002/1098-2418(200101)18:1<61::AID-RSA5>3.3.CO;2-K},
}


@incollection {Panagiotou2009,
    AUTHOR = {Panagiotou, Konstantinos},
    TITLE = {Blocks in constrained random graphs with fixed average degree},
    BOOKTITLE = {21st {I}nternational {C}onference on {F}ormal {P}ower {S}eries and {A}lgebraic {C}ombinatorics ({FPSAC} 2009)},
    SERIES = {Discrete Math. Theor. Comput. Sci. Proc., AK},
    PAGES = {733--744},
    PUBLISHER = {Assoc. Discrete Math. Theor. Comput. Sci., Nancy},
    YEAR = {2009},
    MRCLASS = {05C80},
    MRNUMBER = {2721557},
}


@article {PanagiotouSteger2010,
    AUTHOR = {Panagiotou, Konstantinos and Steger, Angelika},
    TITLE = {Maximal biconnected subgraphs of random planar graphs},
    JOURNAL = {ACM Trans. Algorithms},
    FJOURNAL = {ACM Transactions on Algorithms},
    VOLUME = {6},
    YEAR = {2010},
    NUMBER = {2},
    PAGES = {Art. 31, 21},
    ISSN = {1549-6325},
    MRCLASS = {05C80 (05C10)},
    MRNUMBER = {2675698},
    DOI = {10.1145/1721837.1721847},
    URL = {https://doi.org/10.1145/1721837.1721847},
}


@inproceedings {PanagiotouSteger2011,
    AUTHOR = {Panagiotou, Konstantinos and Steger, Angelika},
    TITLE = {On the degree distribution of random planar graphs},
    BOOKTITLE = {Proceedings of the {T}wenty-{S}econd {A}nnual {ACM}-{SIAM} {S}ymposium on {D}iscrete {A}lgorithms},
    PAGES = {1198--1210},
    PUBLISHER = {SIAM, Philadelphia, PA},
    YEAR = {2011},
    MRCLASS = {05C07 (05C80)},
    MRNUMBER = {2858393},
}


@article {PanagiotouStuflerWeller2016,
    AUTHOR = {Panagiotou, Konstantinos and Stufler, Benedikt and Weller, Kerstin},
    TITLE = {Scaling limits of random graphs from subcritical classes},
    JOURNAL = {Ann. Probab.},
    FJOURNAL = {The Annals of Probability},
    VOLUME = {44},
    YEAR = {2016},
    NUMBER = {5},
    PAGES = {3291--3334},
    ISSN = {0091-1798},
    MRCLASS = {60F17 (05C80 60C05)},
    MRNUMBER = {3551197},
    DOI = {10.1214/15-AOP1048},
    URL = {https://doi.org/10.1214/15-AOP1048},
}


@article {Pavlov1977,
    AUTHOR = {Pavlov, Ju. L.},
    TITLE = {The asymptotic distribution of the maximum size of trees in a random forest},
    JOURNAL = {Teor. Verojatnost. i Primenen.},
    FJOURNAL = {Akademija Nauk SSSR. Teorija Verojatnoste\u{\i} i ee Primenenija},
    VOLUME = {22},
    YEAR = {1977},
    NUMBER = {3},
    PAGES = {523--533},
    ISSN = {0040-361x},
    MRCLASS = {60C05 (05C05)},
    MRNUMBER = {0461619},
    MRREVIEWER = {G. O. H. Katona},
}


@incollection {RaabSteger1998,
    AUTHOR = {Raab, Martin and Steger, Angelika},
    TITLE = {``{B}alls into bins''---a simple and tight analysis},
    BOOKTITLE = {Randomization and approximation techniques in computer science ({B}arcelona, 1998)},
    SERIES = {Lecture Notes in Comput. Sci.},
    VOLUME = {1518},
    PAGES = {159--170},
    PUBLISHER = {Springer, Berlin},
    YEAR = {1998},
    MRCLASS = {68R05 (68M20)},
    MRNUMBER = {1729169},
    DOI = {10.1007/3-540-49543-6\_13},
    URL = {https://doi.org/10.1007/3-540-49543-6_13},
}


@article {RiordanSelby2000,
    AUTHOR = {Riordan, Oliver and Selby, Alex},
    TITLE = {The maximum degree of a random graph},
    JOURNAL = {Combin. Probab. Comput.},
    FJOURNAL = {Combinatorics, Probability and Computing},
    VOLUME = {9},
    YEAR = {2000},
    NUMBER = {6},
    PAGES = {549--572},
    ISSN = {0963-5483},
    MRCLASS = {05C80},
    MRNUMBER = {1816102},
    MRREVIEWER = {Nirupama S. Bhave},
    DOI = {10.1017/S0963548300004491},
    URL = {https://doi.org/10.1017/S0963548300004491},
}


@article {RobertsonSeymour1990,
    AUTHOR = {Robertson, Neil and Seymour, P. D.},
    TITLE = {Graph minors. {VIII}. {A} {K}uratowski theorem for general surfaces},
    JOURNAL = {J. Combin. Theory Ser. B},
    FJOURNAL = {Journal of Combinatorial Theory. Series B},
    VOLUME = {48},
    YEAR = {1990},
    NUMBER = {2},
    PAGES = {255--288},
    ISSN = {0095-8956},
    MRCLASS = {05C10},
    MRNUMBER = {1046758},
    MRREVIEWER = {D. S. Archdeacon},
    DOI = {10.1016/0095-8956(90)90121-F},
    URL = {https://doi.org/10.1016/0095-8956(90)90121-F},
}	


@article {RobinsonWormald1992,
    AUTHOR = {Robinson, R. W. and Wormald, N. C.},
    TITLE = {Almost all cubic graphs are {H}amiltonian},
    JOURNAL = {Random Structures Algorithms},
    FJOURNAL = {Random Structures \& Algorithms},
    VOLUME = {3},
    YEAR = {1992},
    NUMBER = {2},
    PAGES = {117--125},
    ISSN = {1042-9832},
    MRCLASS = {05C45},
    MRNUMBER = {1151355},
    MRREVIEWER = {Edward A. Bender},
    DOI = {10.1002/rsa.3240030202},
    URL = {https://doi.org/10.1002/rsa.3240030202},
}


@article {RucinskiWormald1992,
    AUTHOR = {Ruci\'{n}ski, A. and Wormald, N. C.},
    TITLE = {Random graph processes with degree restrictions},
    JOURNAL = {Combin. Probab. Comput.},
    FJOURNAL = {Combinatorics, Probability and Computing},
    VOLUME = {1},
    YEAR = {1992},
    NUMBER = {2},
    PAGES = {169--180},
    ISSN = {0963-5483},
    MRCLASS = {60C05 (05C80)},
    MRNUMBER = {1179247},
    DOI = {10.1017/S0963548300000183},
    URL = {https://doi.org/10.1017/S0963548300000183},
}


@article {RucinskiWormald1997,
    AUTHOR = {Ruci\'{n}ski, A. and Wormald, N. C.},
    TITLE = {Random graph processes with maximum degree {$2$}},
    JOURNAL = {Ann. Appl. Probab.},
    FJOURNAL = {The Annals of Applied Probability},
    VOLUME = {7},
    YEAR = {1997},
    NUMBER = {1},
    PAGES = {183--199},
    ISSN = {1050-5164},
    MRCLASS = {05C80 (05C85 60C05)},
    MRNUMBER = {1428756},
    MRREVIEWER = {Bert Fristedt},
    DOI = {10.1214/aoap/1034625259},
    URL = {https://doi.org/10.1214/aoap/1034625259},
}


@article {Stufler2020,
    AUTHOR = {Stufler, Benedikt},
    TITLE = {Limits of random tree-like discrete structures},
    JOURNAL = {Probab. Surv.},
    FJOURNAL = {Probability Surveys},
    VOLUME = {17},
    YEAR = {2020},
    PAGES = {318--477},
    MRCLASS = {60C05 (05C80)},
    MRNUMBER = {4132643},
    DOI = {10.1214/19-PS338},
    URL = {https://doi.org/10.1214/19-PS338},
}


@article {StuflerAppear,
    AUTHOR = {Stufler, Benedikt},
    TITLE = {Local convergence of random planar graphs},
    JOURNAL = {J. Eur. Math. Soc. (JEMS)},
    FJOURNAL = {Journal of the European Mathematical Society (JEMS)},
    YEAR = {2021},
}


@book {vanderHofstad2017,
    AUTHOR = {van der Hofstad, Remco},
    TITLE = {Random graphs and complex networks. {V}ol. 1},
    SERIES = {Cambridge Series in Statistical and Probabilistic Mathematics, [43]},
    PUBLISHER = {Cambridge University Press, Cambridge},
    YEAR = {2017},
    PAGES = {xvi+321},
    ISBN = {978-1-107-17287-6},
    MRCLASS = {05-01 (05C80 05C82)},
    MRNUMBER = {3617364},
    DOI = {10.1017/9781316779422},
    URL = {https://doi.org/10.1017/9781316779422},
}


@book {vanderHofstadAppear,
    AUTHOR = {van der Hofstad, Remco},
	TITLE = {Random graphs and complex networks. {V}ol. 2},
	YEAR = {To appear},
	note={\url{https://www.win.tue.nl/~rhofstad/NotesRGCNII.pdf} (December 2021)}
}
		

@book {vanLintWilson2001,
    AUTHOR = {van Lint, J. H. and Wilson, R. M.},
    TITLE = {A course in combinatorics},
    EDITION = {Second},
    PUBLISHER = {Cambridge University Press, Cambridge},
    YEAR = {2001},
    PAGES = {xiv+602},
    ISBN = {0-521-00601-5},
    MRCLASS = {05-01 (90B10)},
    MRNUMBER = {1871828},
    DOI = {10.1017/CBO9780511987045},
    URL = {https://doi.org/10.1017/CBO9780511987045},
}


@incollection {Wormald1999,
    AUTHOR = {Wormald, N. C.},
    TITLE = {Models of random regular graphs},
    BOOKTITLE = {Surveys in combinatorics, 1999 ({C}anterbury)},
    SERIES = {London Math. Soc. Lecture Note Ser.},
    VOLUME = {267},
    PAGES = {239--298},
    PUBLISHER = {Cambridge Univ. Press, Cambridge},
    YEAR = {1999},
    MRCLASS = {05C80 (05E30 60C05)},
    MRNUMBER = {1725006},
    MRREVIEWER = {Lyuben R. Mutafchiev},
}	